Date, Sales 
1/1/2022,"7,574"
1/2/2022,"25,113"
1/2/2022,"7,574"
1/4/2022,"39,718"
1/4/2022,"5,063"
1/4/2022,"7,574"
1/9/2022,"7,574"
1/9/2022,"75,378"
1/11/2022,"5,063"
1/12/2022,"2,050"
1/13/2022,"168,796"
1/15/2022,"37,709"
1/15/2022,"5,063"
1/17/2022,"25,153"
1/18/2022,"2,050"
1/18/2022,"42,732"
1/18/2022,"7,574"
1/18/2022,"5,000"
1/21/2022,"7,574"
1/21/2022,"30,597"
1/21/2022,"7,574"
1/21/2022,"5,000"
1/22/2022,"54,283"
1/22/2022,"5,063"
1/23/2022,"2,050"
1/24/2022,"232,080"
1/24/2022,"2,050"
1/24/2022,"7,574"
1/27/2022,"49,625"
1/27/2022,"20,130"
1/28/2022,"5,063"
1/29/2022,"2,050"
1/29/2022,"7,574"
1/29/2022,"20,130"
1/29/2022,"5,063"
1/31/2022,"2,050"
1/31/2022,"7,574"
2/1/2022,"23,157"
2/1/2022,"7,574"
2/2/2022,"20,130"
2/2/2022,"7,574"
2/3/2022,"7,574"
2/4/2022,"25,153"
2/7/2022,"5,063"
2/8/2022,"25,153"
2/8/2022,"7,574"
2/10/2022,"7,574"
2/10/2022,"64,830"
2/11/2022,"5,063"
2/14/2022,"7,574"
2/15/2022,"7,574"
2/16/2022,"2,063"
2/17/2022,"34,695"
2/21/2022,"5,063"
2/21/2022,"5,063"
2/22/2022,"25,605"
2/22/2022,"2,063"
2/22/2022,"5,063"
2/23/2022,"20,130"
2/24/2022,"5,063"
2/24/2022,"5,063"
2/25/2022,"7,574"
2/25/2022,"3,853"
2/28/2022,"13,600"
3/1/2022,"7,574"
3/1/2022,"90,897"
3/1/2022,"7,574"
3/1/2022,"7,574"
3/4/2022,"6,570"
3/4/2022,"5,063"
3/4/2022,"50,265"
3/5/2022,"5,063"
3/5/2022,"2,063"
3/5/2022,"2,063"
3/7/2022,"22,893"
3/8/2022,"43,234"
3/8/2022,"10,676"
3/10/2022,"7,574"
3/11/2022,"7,574"
3/11/2022,"64,077"
3/12/2022,"5,063"
3/13/2022,"7,574"
3/14/2022,"60,130"
3/14/2022,"5,063"
3/16/2022,"7,574"
3/17/2022,"52,777"
3/17/2022,"2,063"
3/21/2022,"5,063"
3/23/2022,"5,063"
3/28/2022,"35,198"
3/28/2022,"5,063"
3/28/2022,"7,574"
3/28/2022,"54,283"
3/29/2022,"93,081"
3/31/2022,"5,063"
4/5/2022,"5,063"
4/7/2022,"5,063"
4/7/2022,"2,063"
4/9/2022,"7,574"
4/9/2022,"7,574"
4/9/2022,"5,063"
4/9/2022,"2,063"
4/11/2022,"5,063"
4/11/2022,"2,063"
4/13/2022,"5,063"
4/14/2022,"5,063"
4/14/2022,"5,063"
4/16/2022,"2,063"
4/18/2022,"50,265"
4/19/2022,"41,225"
4/19/2022,"2,063"
4/20/2022,"25,153"
4/22/2022,"43,234"
4/23/2022,"2,063"
4/23/2022,"5,063"
4/24/2022,"2,063"
4/25/2022,"5,063"
4/25/2022,"2,063"
4/27/2022,"5,063"
4/28/2022,"2,063"
4/28/2022,"2,063"
4/29/2022,"5,063"
4/29/2022,"2,063"
4/29/2022,"2,063"
4/30/2022,"35,198"
5/4/2022,"64,579"
5/7/2022,"7,574"
5/7/2022,"5,063"
5/9/2022,"15,108"
5/9/2022,"25,153"
5/10/2022,"2,063"
5/10/2022,"5,063"
5/10/2022,"69,903"
5/11/2022,"5,063"
5/12/2022,"5,063"
5/13/2022,"7,574"
5/13/2022,"31,180"
5/13/2022,"5,063"
5/13/2022,"5,063"
5/13/2022,"5,063"
5/13/2022,"5,063"
5/16/2022,"36,684"
5/16/2022,"36,684"
5/16/2022,"7,574"
5/16/2022,"5,063"
5/16/2022,"46,247"
5/18/2022,"5,063"
5/19/2022,"5,565"
5/20/2022,"5,063"
5/21/2022,"7,574"
5/22/2022,"43,234"
5/23/2022,"5,063"
5/23/2022,"43,736"
5/24/2022,"2,063"
5/25/2022,"5,063"
5/25/2022,"5,063"
5/25/2022,"5,063"
5/26/2022,"28,166"
5/26/2022,"5,063"
5/29/2022,"5,063"
5/30/2022,"20,130"
6/1/2022,"2,063"
6/1/2022,"5,063"
6/1/2022,"59,306"
6/1/2022,"5,063"
6/2/2022,"5,063"
6/2/2022,"5,063"
6/3/2022,"5,063"
6/3/2022,"5,063"
6/4/2022,"5,063"
6/4/2022,"30,175"
6/4/2022,"5,063"
6/4/2022,"5,063"
6/5/2022,"5,063"
6/5/2022,"5,063"
6/5/2022,"2,063"
6/5/2022,"28,669"
6/5/2022,"5,063"
6/5/2022,"5,063"
6/6/2022,"5,063"
6/7/2022,"45,243"
6/8/2022,"2,009"
6/8/2022,"7,574"
6/9/2022,"7,574"
6/9/2022,"2,063"
6/9/2022,"5,063"
6/9/2022,"42,732"
6/9/2022,"15,108"
6/9/2022,"25,153"
6/10/2022,"143,684"
6/10/2022,"5,063"
6/10/2022,"19,436"
6/10/2022,"2,063"
6/10/2022,"5,063"
6/10/2022,"5,063"
6/10/2022,"27,664"
6/11/2022,"5,063"
6/11/2022,"32,686"
6/11/2022,"44,238"
6/11/2022,"7,574"
6/11/2022,"7,574"
6/11/2022,"2,063"
6/12/2022,"60,310"
6/13/2022,"5,063"
6/13/2022,"5,063"
6/13/2022,"5,063"
6/13/2022,"7,574"
6/13/2022,"5,063"
6/13/2022,"5,063"
6/14/2022,"7,574"
6/14/2022,"2,063"
6/14/2022,"32,184"
6/14/2022,"5,063"
6/15/2022,"28,669"
6/15/2022,"41,225"
6/15/2022,"5,063"
6/16/2022,"25,153"
6/16/2022,"32,184"
6/16/2022,"5,063"
6/16/2022,"5,063"
6/16/2022,"7,574"
6/17/2022,"5,063"
6/17/2022,"5,063"
6/18/2022,"5,063"
6/18/2022,"5,063"
6/18/2022,"5,063"
6/18/2022,"7,574"
6/18/2022,"25,152"
6/18/2022,"7,574"
6/18/2022,"5,063"
6/18/2022,"2,063"
6/18/2022,"5,063"
6/19/2022,"5,063"
6/19/2022,"5,063"
6/19/2022,"5,063"
6/20/2022,"2,063"
6/20/2022,"28,668"
6/20/2022,"5,063"
6/20/2022,"5,063"
6/20/2022,"5,565"
6/21/2022,"45,243"
6/21/2022,"5,063"
6/21/2022,"5,063"
6/21/2022,"7,574"
6/21/2022,"5,063"
6/21/2022,"7,574"
6/21/2022,"5,063"
6/22/2022,"2,049"
6/22/2022,"5,063"
6/22/2022,"5,063"
6/22/2022,"5,063"
6/24/2022,"7,574"
6/25/2022,"7,574"
6/25/2022,"2,063"
6/26/2022,"30,175"
6/27/2022,"27,664"
6/27/2022,"5,063"
6/27/2022,"84,629"
6/27/2022,"27,664"
6/27/2022,"5,063"
6/28/2022,"2,063"
6/28/2022,"7,574"
6/28/2022,"2,063"
6/28/2022,"7,574"
6/28/2022,"3,785"
6/28/2022,"7,574"
6/29/2022,"7,574"
6/29/2022,"5,565"
6/29/2022,"22,892"
6/30/2022,"5,063"
6/30/2022,"5,063"
6/30/2022,"5,063"
6/30/2022,"42,229"
7/1/2022,"5,565"
7/1/2022,"2,063"
7/1/2022,"36,202"
7/1/2022,"33,189"
7/1/2022,"5,063"
7/1/2022,"27,664"
7/1/2022,"5,063"
7/1/2022,"7,574"
7/1/2022,"29,131"
7/1/2022,"2,049"
7/1/2022,"25,153"
7/1/2022,"5,063"
7/1/2022,"7,574"
7/1/2022,"47,271"
7/1/2022,"5,063"
7/1/2022,"5,063"
7/2/2022,"5,063"
7/2/2022,"2,063"
7/2/2022,"5,063"
7/2/2022,"39,818"
7/2/2022,"2,063"
7/3/2022,"5,063"
7/4/2022,"30,175"
7/4/2022,"7,574"
7/5/2022,"5,063"
7/5/2022,"5,063"
7/5/2022,"2,063"
7/6/2022,"5,063"
7/6/2022,"5,063"
7/6/2022,"5,063"
7/6/2022,"5,063"
7/7/2022,"5,063"
7/7/2022,"5,063"
7/7/2022,"5,063"
7/7/2022,"5,063"
7/8/2022,"27,664"
7/8/2022,"5,063"
7/8/2022,"35,398"
7/9/2022,"25,153"
7/9/2022,"5,063"
7/9/2022,"5,063"
7/10/2022,"143,684"
7/10/2022,"7,574"
7/11/2022,"7,574"
7/11/2022,"5,063"
7/11/2022,"5,063"
7/11/2022,"102,499"
7/11/2022,"5,063"
7/12/2022,"7,574"
7/12/2022,"5,063"
7/12/2022,"5,063"
7/12/2022,"5,063"
7/12/2022,"7,574"
7/12/2022,"102,512"
7/13/2022,"9,000"
7/13/2022,"7,574"
7/13/2022,"2,063"
7/13/2022,"7,574"
7/14/2022,"9,045"
7/14/2022,"9,081"
7/14/2022,"5,063"
7/14/2022,"7,574"
7/14/2022,"5,063"
7/14/2022,"39,216"
7/15/2022,"31,056"
7/15/2022,"5,063"
7/15/2022,"5,063"
7/15/2022,"7,574"
7/15/2022,"5,063"
7/16/2022,"5,063"
7/16/2022,"7,574"
7/16/2022,"5,063"
7/16/2022,"2,063"
7/17/2022,"5,063"
7/17/2022,"7,574"
7/17/2022,"5,063"
7/17/2022,"5,063"
7/18/2022,"5,063"
7/18/2022,"105,512"
7/19/2022,"25,153"
7/19/2022,"5,063"
7/19/2022,"7,574"
7/19/2022,"5,063"
7/20/2022,"40,220"
7/20/2022,"5,063"
7/21/2022,"5,063"
7/21/2022,"7,574"
7/21/2022,"5,063"
7/21/2022,"5,063"
7/22/2022,"5,063"
7/22/2022,"5,063"
7/22/2022,"39,215"
7/22/2022,"7,574"
7/22/2022,"5,063"
7/22/2022,"7,574"
7/22/2022,"2,063"
7/22/2022,"5,063"
7/23/2022,"54,483"
7/23/2022,"7,574"
7/23/2022,"7,574"
7/25/2022,"30,777"
7/25/2022,"5,063"
7/25/2022,"7,574"
7/25/2022,"2,515"
7/26/2022,"7,574"
7/26/2022,"7,574"
7/26/2022,"5,063"
7/26/2022,"5,063"
7/26/2022,"2,063"
7/26/2022,"2,063"
7/27/2022,"2,063"
7/27/2022,"39,214"
7/27/2022,"2,063"
7/27/2022,"5,063"
7/27/2022,"5,063"
7/27/2022,"2,063"
7/27/2022,"5,063"
7/28/2022,"5,063"
7/28/2022,"5,063"
7/28/2022,"2,063"
7/29/2022,"5,063"
7/29/2022,"32,184"
7/29/2022,"5,063"
7/29/2022,"32,184"
7/30/2022,"7,574"
7/30/2022,"5,063"
7/30/2022,"5,063"
7/31/2022,"2,063"
8/1/2022,"27,664"
8/1/2022,"42,229"
8/1/2022,"5,063"
8/1/2022,"5,063"
8/1/2022,"2,063"
8/1/2022,"5,063"
8/1/2022,"5,063"
8/2/2022,"20,623"
8/2/2022,"5,063"
8/2/2022,"5,063"
8/2/2022,"5,063"
8/2/2022,"2,063"
8/2/2022,"2,063"
8/3/2022,"7,500"
8/3/2022,"7,574"
8/3/2022,"7,574"
8/4/2022,"5,063"
8/4/2022,"5,063"
8/4/2022,"5,063"
8/4/2022,"5,063"
8/4/2022,"5,063"
8/4/2022,"2,063"
8/4/2022,"2,063"
8/5/2022,"5,070"
8/5/2022,"42,605"
8/5/2022,"5,063"
8/5/2022,"5,063"
8/5/2022,"27,664"
8/6/2022,"5,063"
8/6/2022,"1,547"
8/7/2022,"5,063"
8/7/2022,"5,063"
8/7/2022,"5,063"
8/7/2022,"5,063"
8/7/2022,"5,063"
8/7/2022,"26,157"
8/7/2022,"5,063"
8/7/2022,"7,574"
8/7/2022,"7,574"
8/7/2022,"34,695"
8/7/2022,"7,574"
8/8/2022,"2,063"
8/8/2022,"2,063"
8/8/2022,"5,063"
8/8/2022,"5,063"
8/9/2022,"116,662"
8/9/2022,"5,063"
8/9/2022,"45,695"
8/9/2022,"7,574"
8/10/2022,"12,070"
8/10/2022,"5,063"
8/11/2022,"7,574"
8/11/2022,"2,063"
8/11/2022,"5,063"
8/12/2022,"5,063"
8/12/2022,"27,664"
8/12/2022,"45,243"
8/12/2022,"5,063"
8/13/2022,"41,224"
8/13/2022,"56,820"
8/13/2022,"27,664"
8/13/2022,"45,243"
8/13/2022,"2,063"
8/13/2022,"2,063"
8/14/2022,"2,063"
8/14/2022,"5,063"
8/14/2022,"64,328"
8/16/2022,"43,233"
8/16/2022,"5,063"
8/16/2022,"2,063"
8/17/2022,"5,063"
8/17/2022,"7,574"
8/17/2022,"80,400"
8/17/2022,"5,063"
8/17/2022,"2,063"
8/19/2022,"5,063"
8/20/2022,"3,556"
8/20/2022,"5,063"
8/20/2022,"5,063"
8/21/2022,"5,063"
8/21/2022,"5,063"
8/22/2022,"2,063"
8/22/2022,"2,063"
8/22/2022,"32,686"
8/23/2022,"33,389"
8/23/2022,"5,063"
8/23/2022,"5,063"
8/23/2022,"2,063"
8/23/2022,"5,063"
8/24/2022,"7,574"
8/25/2022,"5,063"
8/25/2022,"2,063"
8/25/2022,"28,919"
8/25/2022,"7,574"
8/25/2022,"5,063"
8/26/2022,"2,063"
8/26/2022,"5,063"
8/27/2022,"5,063"
8/27/2022,"7,574"
8/27/2022,"5,063"
8/28/2022,"5,063"
8/28/2022,"4,581"
8/28/2022,"7,071"
8/28/2022,"5,063"
8/28/2022,"5,063"
8/29/2022,"5,063"
8/29/2022,"5,064"
8/29/2022,"2,063"
8/30/2022,"5,063"
8/30/2022,"2,063"
8/31/2022,"67,342"
8/31/2022,"5,063"
8/31/2022,"5,063"
8/31/2022,"5,063"
8/31/2022,"7,574"
9/1/2022,"5,063"
9/1/2022,"5,063"
9/1/2022,"5,063"
9/1/2022,"30,678"
9/1/2022,"2,063"
9/2/2022,"2,063"
9/2/2022,"2,063"
9/2/2022,"2,063"
9/2/2022,"30,174"
9/2/2022,"7,574"
9/2/2022,"114,302"
9/2/2022,"2,063"
9/3/2022,"7,574"
9/3/2022,"5,063"
9/3/2022,"5,063"
9/3/2022,"5,063"
9/3/2022,"2,063"
9/3/2022,"7,574"
9/3/2022,"5,063"
9/4/2022,"5,063"
9/5/2022,"39,592"
9/5/2022,"5,063"
9/5/2022,"5,063"
9/5/2022,"2,063"
9/5/2022,"115,055"
9/6/2022,"7,071"
9/6/2022,"32,335"
9/6/2022,"2,063"
9/6/2022,"2,063"
9/7/2022,"8,000"
9/7/2022,"5,063"
9/7/2022,"5,063"
9/7/2022,"5,063"
9/7/2022,"30,677"
9/7/2022,"5,063"
9/8/2022,"5,063"
9/9/2022,"5,063"
9/9/2022,"5,063"
9/9/2022,"5,063"
9/9/2022,"2,063"
9/10/2022,"1,547"
9/10/2022,"29,422"
9/10/2022,"2,063"
9/11/2022,"7,574"
9/11/2022,"5,063"
9/12/2022,"2,063"
9/12/2022,"5,063"
9/13/2022,"31,179"
9/13/2022,"2,063"
9/15/2022,"5,063"
9/15/2022,"80,400"
9/15/2022,"5,063"
9/15/2022,"101,997"
9/15/2022,"7,574"
9/16/2022,"5,063"
9/16/2022,"5,063"
9/16/2022,"5,063"
9/16/2022,"5,063"
9/16/2022,"5,063"
9/16/2022,"5,063"
9/16/2022,"5,063"
9/16/2022,"2,063"
9/16/2022,"5,063"
9/16/2022,"2,063"
9/17/2022,"5,063"
9/18/2022,"84,418"
9/18/2022,"7,574"
9/19/2022,"84,418"
9/19/2022,"42,229"
9/19/2022,"5,063"
9/20/2022,"5,063"
9/21/2022,"386,000"
9/21/2022,"5,063"
9/22/2022,"2,063"
9/22/2022,"5,063"
9/22/2022,"2,063"
9/22/2022,"2,063"
9/22/2022,"5,063"
9/22/2022,"36,373"
9/23/2022,"7,574"
9/23/2022,"1,547"
9/23/2022,"2,063"
9/23/2022,"12,448"
9/23/2022,"7,574"
9/23/2022,"5,063"
9/23/2022,"1,547"
9/24/2022,"5,063"
9/24/2022,"2,063"
9/24/2022,"5,063"
9/24/2022,"5,063"
9/24/2022,"2,063"
9/24/2022,"2,063"
9/25/2022,"93,961"
9/25/2022,"7,574"
9/25/2022,"38,462"
9/25/2022,"5,063"
9/25/2022,"7,574"
9/26/2022,"13,099"
9/26/2022,"27,664"
9/26/2022,"97,949"
9/26/2022,"26,171"
9/26/2022,"57,848"
9/27/2022,"2,063"
9/27/2022,"27,094"
9/27/2022,"5,063"
9/27/2022,"5,063"
9/28/2022,"2,063"
9/28/2022,"2,063"
9/28/2022,"5,063"
9/28/2022,"5,063"
9/28/2022,"7,574"
9/28/2022,"1,547"
9/29/2022,"5,063"
9/29/2022,"1,547"
9/29/2022,"1,546"
9/29/2022,"5,063"
9/29/2022,"5,063"
9/30/2022,"2,063"
9/30/2022,"5,063"
9/30/2022,"5,063"
9/30/2022,"27,663"
9/30/2022,"2,063"
10/1/2022,"2,063"
10/1/2022,"27,664"
10/1/2022,"2,049"
10/1/2022,"2,050"
10/2/2022,"2,063"
10/2/2022,"2,063"
10/2/2022,"2,063"
10/2/2022,"2,022"
10/2/2022,"2,009"
10/2/2022,"2,050"
10/3/2022,"11,945"
10/3/2022,"2,062"
10/3/2022,"30,101"
10/3/2022,"34,377"
10/4/2022,"5,022"
10/4/2022,"5,063"
10/4/2022,"5,063"
10/5/2022,"5,063"
10/5/2022,"5,063"
10/5/2022,"5,063"
10/6/2022,"5,063"
10/6/2022,"5,063"
10/6/2022,"37,708"
10/6/2022,"5,063"
10/6/2022,"5,063"
10/6/2022,"7,574"
10/7/2022,"2,050"
10/7/2022,"5,063"
10/7/2022,"5,062"
10/8/2022,"5,063"
10/10/2022,"2,063"
10/10/2022,"2,063"
10/11/2022,"27,664"
10/11/2022,"7,574"
10/11/2022,"5,063"
10/12/2022,"5,063"
10/12/2022,"5,063"
10/12/2022,"7,574"
10/12/2022,"56,292"
10/13/2022,"56,292"
10/13/2022,"40,722"
10/13/2022,"5,063"
10/13/2022,"5,063"
10/14/2022,"1,547"
10/14/2022,"2,063"
10/15/2022,"5,063"
10/15/2022,"2,049"
10/15/2022,"2,050"
10/16/2022,"5,063"
10/17/2022,"2,063"
10/17/2022,"5,063"
10/17/2022,"7,574"
10/17/2022,"7,574"
10/18/2022,"5,063"
10/18/2022,"37,709"
10/18/2022,"5,063"
10/19/2022,"2,063"
10/20/2022,"2,049"
10/20/2022,"5,063"
10/20/2022,"2,049"
10/21/2022,"7,574"
10/21/2022,"27,664"
10/21/2022,"14,605"
10/21/2022,"7,574"
10/21/2022,"27,664"
10/21/2022,"2,049"
10/21/2022,"5,063"
10/21/2022,"5,063"
10/22/2022,"2,049"
10/22/2022,"5,063"
10/22/2022,"5,063"
10/22/2022,"1,574"
10/23/2022,"5,063"
10/23/2022,"2,049"
10/24/2022,"7,574"
10/26/2022,"5,063"
10/26/2022,"5,565"
10/26/2022,"5,565"
10/27/2022,"20,755"
10/28/2022,"5,063"
10/28/2022,"87,532"
10/28/2022,"1,547"
10/28/2022,"1,547"
10/28/2022,"2,049"
10/28/2022,"5,063"
10/28/2022,"5,063"
10/28/2022,"2,049"
10/28/2022,"2,049"
10/29/2022,"2,049"
10/29/2022,"5,063"
10/29/2022,"131,881"
10/31/2022,"32,435"
10/31/2022,"5,063"
10/31/2022,"28,131"
10/31/2022,"5,063"
10/31/2022,"7,574"
11/1/2022,"2,063"
11/1/2022,"2,063"
11/1/2022,"32,435"
11/1/2022,"2,049"
11/2/2022,"5,063"
11/2/2022,583
11/2/2022,"37,709"
11/2/2022,"5,063"
11/2/2022,"5,063"
11/2/2022,"4,580"
11/3/2022,"7,574"
11/3/2022,"28,688"
11/3/2022,"2,049"
11/3/2022,"2,063"
11/3/2022,"5,063"
11/4/2022,"4,580"
11/4/2022,"30,667"
11/4/2022,"44,740"
11/4/2022,"2,050"
11/4/2022,"7,574"
11/4/2022,"5,063"
11/5/2022,"5,063"
11/5/2022,"2,049"
11/6/2022,"7,574"
11/7/2022,"418,464"
11/7/2022,"2,010"
11/7/2022,"3,706"
11/7/2022,"2,010"
11/7/2022,"1,547"
11/8/2022,"50,893"
11/8/2022,"2,049"
11/8/2022,"5,063"
11/8/2022,"7,574"
11/8/2022,"7,574"
11/8/2022,"5,063"
11/9/2022,"60,310"
11/9/2022,"4,580"
11/10/2022,"1,547"
11/10/2022,"7,574"
11/10/2022,"5,063"
11/11/2022,"105,513"
11/11/2022,"46,749"
11/11/2022,"5,063"
11/11/2022,"2,050"
11/11/2022,"2,063"
11/11/2022,"1,547"
11/11/2022,"5,063"
11/12/2022,"7,574"
11/12/2022,"2,049"
11/13/2022,"5,063"
11/13/2022,"5,063"
11/14/2022,"5,063"
11/14/2022,"7,574"
11/14/2022,"7,574"
11/14/2022,547
11/15/2022,"2,049"
11/15/2022,"5,063"
11/15/2022,"2,063"
11/15/2022,"1,547"
11/15/2022,"8,578"
11/16/2022,"2,049"
11/16/2022,"2,063"
11/16/2022,"2,063"
11/17/2022,"32,686"
11/17/2022,"5,063"
11/17/2022,"5,063"
11/17/2022,"15,383"
11/17/2022,"50,516"
11/18/2022,"4,580"
11/18/2022,"108,526"
11/19/2022,"88,360"
11/21/2022,"42,229"
11/21/2022,"5,063"
11/21/2022,"2,063"
11/21/2022,"5,063"
11/21/2022,"9,585"
11/21/2022,"5,063"
11/21/2022,"2,063"
11/21/2022,"2,063"
11/22/2022,"149,961"
11/22/2022,"7,574"
11/22/2022,"2,063"
11/22/2022,"5,563"
11/22/2022,"5,565"
11/23/2022,"32,686"
11/23/2022,"54,283"
11/23/2022,"7,574"
11/23/2022,"5,063"
11/23/2022,"2,063"
11/23/2022,"34,695"
11/24/2022,"5,063"
11/24/2022,"5,063"
11/24/2022,"5,063"
11/24/2022,"5,063"
11/24/2022,"5,063"
11/24/2022,"5,063"
11/25/2022,"2,063"
11/25/2022,"7,574"
11/25/2022,"27,663"
11/25/2022,"7,574"
11/25/2022,"5,063"
11/26/2022,"5,063"
11/26/2022,"5,063"
11/26/2022,"5,063"
11/26/2022,"5,063"
11/26/2022,"5,063"
11/27/2022,"5,063"
11/27/2022,"182,859"
11/27/2022,"7,574"
11/27/2022,"2,063"
11/28/2022,"17,387"
11/28/2022,"5,063"
11/28/2022,"5,063"
11/28/2022,"9,734"
11/28/2022,"5,063"
11/28/2022,"70,335"
11/29/2022,"93,208"
11/29/2022,"9,583"
11/29/2022,"5,565"
11/30/2022,"7,574"
11/30/2022,"2,063"
12/1/2022,"5,063"
12/1/2022,"7,574"
12/1/2022,"56,543"
12/1/2022,"2,063"
12/1/2022,"2,063"
12/1/2022,"5,063"
12/1/2022,"5,063"
12/1/2022,"2,063"
12/2/2022,"1,547"
12/2/2022,"2,063"
12/2/2022,"2,063"
12/2/2022,"5,063"
12/2/2022,"9,583"
12/2/2022,"7,574"
12/3/2022,"5,063"
12/3/2022,"5,063"
12/3/2022,"5,053"
12/4/2022,"2,063"
12/4/2022,"5,063"
12/4/2022,583
12/5/2022,"40,180"
12/5/2022,"49,763"
12/5/2022,"27,664"
12/5/2022,"42,229"
12/6/2022,"5,063"
12/6/2022,"5,063"
12/6/2022,"10,000"
12/7/2022,"45,996"
12/7/2022,"49,763"
12/7/2022,"5,063"
12/7/2022,"36,704"
12/8/2022,"5,063"
12/8/2022,"5,063"
12/8/2022,"5,063"
12/8/2022,"2,063"
12/9/2022,"1,547"
12/9/2022,"5,063"
12/9/2022,"5,063"
12/9/2022,"71,611"
12/9/2022,"57,899"
12/9/2022,"5,063"
12/9/2022,"30,587"
12/9/2022,"42,731"
12/9/2022,"5,063"
12/10/2022,"1,547"
12/10/2022,"1,547"
12/11/2022,"2,063"
12/11/2022,"5,063"
12/12/2022,"14,385"
12/13/2022,"5,063"
12/13/2022,"5,063"
12/13/2022,"1,547"
12/13/2022,"5,063"
12/13/2022,"2,063"
12/13/2022,"28,997"
12/13/2022,"44,238"
12/13/2022,"2,063"
12/13/2022,"62,620"
12/13/2022,"2,063"
12/14/2022,"5,063"
12/14/2022,"5,063"
12/14/2022,"5,063"
12/14/2022,"65,333"
12/14/2022,"5,063"
12/14/2022,"2,063"
12/14/2022,"2,063"
12/14/2022,"2,063"
12/14/2022,"33,146"
12/15/2022,"7,574"
12/15/2022,"1,547"
12/15/2022,"27,663"
12/15/2022,"2,063"
12/15/2022,"27,421"
12/15/2022,"28,453"
12/15/2022,"7,574"
12/15/2022,"21,723"
12/16/2022,"1,547"
12/16/2022,"35,198"
12/16/2022,"5,063"
12/16/2022,"42,731"
12/16/2022,"2,063"
12/16/2022,"5,063"
12/16/2022,"25,526"
12/16/2022,"2,063"
12/17/2022,"1,547"
12/17/2022,"37,987"
12/18/2022,"5,063"
12/18/2022,"33,942"
12/18/2022,"2,063"
12/18/2022,"5,063"
12/19/2022,"2,063"
12/19/2022,"5,063"
12/19/2022,"5,063"
12/19/2022,"5,063"
12/19/2022,"5,063"
12/20/2022,"1,547"
12/20/2022,"5,063"
12/20/2022,"5,063"
12/20/2022,"2,063"
12/20/2022,"5,063"
12/20/2022,"2,063"
12/20/2022,"5,563"
12/20/2022,"6,570"
12/20/2022,"47,503"
12/21/2022,"5,063"
12/21/2022,"30,677"
12/21/2022,"5,063"
12/21/2022,"2,063"
12/21/2022,"5,063"
12/21/2022,"18,720"
12/21/2022,"18,720"
12/21/2022,"24,295"
12/21/2022,"27,577"
12/21/2022,"2,063"
12/21/2022,"7,574"
12/21/2022,"2,063"
12/22/2022,"81,982"
12/22/2022,"5,063"
12/22/2022,"5,063"
12/22/2022,"2,063"
12/22/2022,"79,145"
12/22/2022,"5,063"
12/22/2022,"7,574"
12/22/2022,"5,063"
12/22/2022,"7,574"
12/22/2022,"7,574"
12/23/2022,"5,063"
12/23/2022,"2,063"
12/23/2022,"2,063"
12/23/2022,"1,547"
12/23/2022,"5,063"
12/23/2022,"5,063"
12/24/2022,"5,063"
12/24/2022,"2,063"
12/24/2022,"33,691"
12/24/2022,"2,063"
12/24/2022,"2,063"
12/24/2022,"5,063"
12/24/2022,"2,063"
12/24/2022,"1,547"
12/25/2022,"5,063"
12/25/2022,"5,063"
12/25/2022,"5,063"
12/25/2022,"7,574"
12/25/2022,"7,574"
12/26/2022,"1,547"
12/26/2022,"5,063"
12/27/2022,"1,547"
12/27/2022,"1,547"
12/29/2022,"2,063"
12/31/2022,"2,063"
12/31/2022,"2,063"
12/31/2022,"2,063"
12/31/2022,"5,063"
12/31/2022,"21,527"
1/1/2023,"5,063"
1/1/2023,"5,063"
1/1/2023,"1,547"
1/3/2023,"57,297"
1/3/2023,"5,063"
1/3/2023,"5,063"
1/3/2023,"5,565"
1/3/2023,"2,063"
1/3/2023,"7,574"
1/3/2023,"10,085"
1/3/2023,"5,063"
1/4/2023,"2,063"
1/4/2023,"7,574"
1/4/2023,"2,063"
1/4/2023,583
1/4/2023,"7,574"
1/4/2023,"1,547"
1/4/2023,"32,861"
1/4/2023,"7,574"
1/4/2023,"5,063"
1/4/2023,"42,731"
1/4/2023,"7,574"
1/5/2023,"40,220"
1/5/2023,"5,063"
1/5/2023,583
1/5/2023,"5,063"
1/5/2023,"7,574"
1/5/2023,"5,063"
1/5/2023,"130,625"
1/5/2023,"7,574"
1/6/2023,"1,547"
1/6/2023,"27,664"
1/6/2023,"7,574"
1/6/2023,"5,063"
1/6/2023,"8,176"
1/6/2023,"112,041"
1/7/2023,"2,063"
1/7/2023,"2,063"
1/8/2023,"7,574"
1/8/2023,"1,547"
1/9/2023,"5,063"
1/9/2023,"27,663"
1/9/2023,"1,547"
1/9/2023,"5,063"
1/10/2023,"5,063"
1/10/2023,"28,299"
1/10/2023,"5,063"
1/10/2023,"5,063"
1/10/2023,"39,215"
1/11/2023,"28,738"
1/11/2023,"5,063"
1/11/2023,"22,938"
1/11/2023,"5,063"
1/11/2023,"42,229"
1/11/2023,"1,547"
1/12/2023,"2,063"
1/12/2023,"2,063"
1/13/2023,"5,063"
1/13/2023,"1,547"
1/13/2023,"1,547"
1/13/2023,"5,063"
1/13/2023,"34,193"
1/13/2023,"2,063"
1/13/2023,"2,063"
1/14/2023,"5,063"
1/14/2023,"7,574"
1/14/2023,"5,063"
1/14/2023,"2,063"
1/14/2023,"2,063"
1/14/2023,"2,063"
1/14/2023,"2,063"
1/14/2023,"5,063"
1/15/2023,"7,574"
1/15/2023,"7,574"
1/15/2023,"5,063"
1/15/2023,"1,547"
1/16/2023,"2,063"
1/16/2023,"5,063"
1/16/2023,"5,063"
1/17/2023,"5,063"
1/17/2023,"5,063"
1/17/2023,"5,063"
1/17/2023,"11,592"
1/17/2023,"7,574"
1/17/2023,"42,731"
1/17/2023,"1,547"
1/18/2023,"7,574"
1/18/2023,"5,063"
1/18/2023,"5,063"
1/18/2023,"5,063"
1/19/2023,"9,081"
1/19/2023,"1,547"
1/19/2023,"10,965"
1/19/2023,"10,975"
1/19/2023,"2,063"
1/19/2023,"7,574"
1/20/2023,"2,063"
1/20/2023,"2,063"
1/20/2023,"5,063"
1/20/2023,"5,063"
1/20/2023,"17,216"
1/21/2023,"2,063"
1/21/2023,"7,574"
1/21/2023,"1,547"
1/21/2023,"5,063"
1/21/2023,"1,547"
1/21/2023,"5,063"
1/23/2023,"5,063"
1/23/2023,"7,574"
1/23/2023,"27,664"
1/23/2023,"5,063"
1/23/2023,"5,063"
1/24/2023,"2,063"
1/24/2023,"2,063"
1/24/2023,"5,063"
1/24/2023,"2,063"
1/24/2023,"60,310"
1/24/2023,"35,198"
1/24/2023,"2,063"
1/25/2023,"5,063"
1/25/2023,"7,574"
1/25/2023,"7,574"
1/25/2023,"5,063"
1/25/2023,"5,063"
1/25/2023,"1,547"
1/25/2023,"5,063"
1/25/2023,"37,363"
1/25/2023,"7,574"
1/25/2023,"27,664"
1/25/2023,"7,574"
1/26/2023,"175,828"
1/26/2023,"7,574"
1/26/2023,"5,063"
1/26/2023,"2,063"
1/27/2023,"32,624"
1/27/2023,"65,333"
1/27/2023,"62,319"
1/28/2023,"5,063"
1/28/2023,"5,063"
1/28/2023,"60,310"
1/29/2023,"7,574"
1/29/2023,"1,547"
1/30/2023,"5,063"
1/30/2023,"5,063"
1/30/2023,"7,574"
1/30/2023,"1,547"
1/30/2023,"5,665"
1/30/2023,"5,063"
1/30/2023,"7,574"
1/31/2023,"33,680"
1/31/2023,"5,063"
1/31/2023,"5,063"
1/31/2023,"7,574"
1/31/2023,"5,063"
1/31/2023,"5,063"
1/31/2023,"5,063"
1/31/2023,"1,547"
1/31/2023,"1,547"
2/1/2023,"54,534"
2/1/2023,"2,063"
2/1/2023,"5,665"
2/1/2023,"1,547"
2/1/2023,"34,193"
2/2/2023,"2,063"
2/2/2023,"5,063"
2/2/2023,"2,063"
2/2/2023,"2,063"
2/2/2023,"5,063"
2/2/2023,"2,063"
2/2/2023,"1,547"
2/2/2023,"7,574"
2/2/2023,"66,237"
2/2/2023,"1,547"
2/2/2023,"2,063"
2/3/2023,"2,063"
2/3/2023,"9,585"
2/3/2023,"53,778"
2/3/2023,"7,574"
2/3/2023,"2,063"
2/3/2023,"1,547"
2/4/2023,585
2/4/2023,"5,063"
2/4/2023,"7,574"
2/4/2023,"2,063"
2/5/2023,"5,063"
2/6/2023,"2,063"
2/6/2023,"5,063"
2/6/2023,"7,574"
2/6/2023,"5,063"
2/6/2023,"5,063"
2/7/2023,"27,664"
2/7/2023,"27,664"
2/7/2023,"301,390"
2/7/2023,"2,063"
2/7/2023,"2,063"
2/8/2023,"2,063"
2/8/2023,"9,081"
2/9/2023,"5,665"
2/9/2023,"2,063"
2/9/2023,"5,063"
2/10/2023,"1,547"
2/10/2023,"5,063"
2/10/2023,"5,063"
2/10/2023,"6,067"
2/10/2023,"7,574"
2/10/2023,"7,574"
2/10/2023,"5,063"
2/11/2023,"7,574"
2/11/2023,"7,574"
2/12/2023,"25,345"
2/13/2023,"2,063"
2/13/2023,"5,063"
2/13/2023,"5,063"
2/13/2023,"2,063"
2/13/2023,"2,063"
2/13/2023,"5,063"
2/13/2023,"33,367"
2/13/2023,"5,063"
2/14/2023,"5,063"
2/14/2023,"2,063"
2/14/2023,"7,574"
2/14/2023,"2,063"
2/14/2023,"1,547"
2/14/2023,"2,063"
2/15/2023,"30,175"
2/15/2023,"33,942"
2/15/2023,"9,076"
2/15/2023,"2,063"
2/16/2023,"2,063"
2/16/2023,"33,691"
2/16/2023,"5,063"
2/16/2023,"7,574"
2/16/2023,"2,063"
2/17/2023,"2,063"
2/17/2023,"5,063"
2/17/2023,"16,882"
2/17/2023,"2,063"
2/17/2023,"34,193"
2/18/2023,"60,310"
2/18/2023,"1,547"
2/18/2023,"1,547"
2/19/2023,"2,063"
2/20/2023,"2,063"
2/20/2023,"18,755"
2/20/2023,"1,547"
2/20/2023,"7,574"
2/21/2023,"41,225"
2/21/2023,"7,574"
2/21/2023,"53,279"
2/21/2023,587
2/21/2023,"5,063"
2/21/2023,"7,574"
2/21/2023,"2,063"
2/22/2023,"2,063"
2/22/2023,"1,547"
2/22/2023,"5,063"
2/23/2023,"1,547"
2/23/2023,"2,063"
2/23/2023,"16,264"
2/24/2023,"142,805"
2/24/2023,"110,786"
2/24/2023,"11,694"
2/25/2023,"1,547"
2/25/2023,"30,175"
2/25/2023,"5,063"
2/25/2023,"5,063"
2/25/2023,"7,574"
2/26/2023,"2,063"
2/27/2023,"1,547"
2/27/2023,"5,063"
2/27/2023,"93,961"
2/28/2023,"32,686"
2/28/2023,"5,063"
2/28/2023,"12,630"
2/28/2023,"12,734"
2/28/2023,"35,939"
3/1/2023,"1,547"
3/1/2023,"30,803"
3/1/2023,"5,063"
3/1/2023,"22,959"
3/1/2023,"2,802"
3/2/2023,"30,000"
3/2/2023,"2,063"
3/2/2023,"1,547"
3/2/2023,"2,063"
3/2/2023,"5,063"
3/2/2023,"1,547"
3/3/2023,"2,063"
3/3/2023,585
3/3/2023,"5,063"
3/3/2023,"1,547"
3/3/2023,"2,063"
3/3/2023,"2,063"
3/3/2023,"2,063"
3/4/2023,"7,574"
3/4/2023,"7,574"
3/4/2023,"2,063"
3/4/2023,"20,000"
3/5/2023,"2,063"
3/5/2023,"7,574"
3/5/2023,"10,060"
3/6/2023,"20,000"
3/6/2023,"21,000"
3/6/2023,"1,547"
3/6/2023,"2,063"
3/6/2023,"5,063"
3/7/2023,"5,063"
3/7/2023,"7,574"
3/7/2023,"2,063"
3/7/2023,"17,093"
3/7/2023,"12,021"
3/7/2023,"1,547"
3/7/2023,"7,574"
3/8/2023,"5,063"
3/8/2023,"10,000"
3/8/2023,"14,079"
3/8/2023,"5,063"
3/8/2023,"5,063"
3/8/2023,"1,547"
3/8/2023,"5,063"
3/8/2023,"5,063"
3/8/2023,"14,079"
3/8/2023,"7,574"
3/9/2023,"7,574"
3/9/2023,"7,574"
3/9/2023,"1,547"
3/9/2023,"7,574"
3/9/2023,"5,063"
3/9/2023,"2,063"
3/9/2023,"2,063"
3/10/2023,"67,227"
3/10/2023,"2,063"
3/10/2023,"1,547"
3/10/2023,"7,574"
3/10/2023,"5,565"
3/11/2023,"1,547"
3/11/2023,"10,000"
3/11/2023,"5,063"
3/12/2023,"5,063"
3/13/2023,"21,459"
3/13/2023,"5,665"
3/13/2023,"5,063"
3/13/2023,"2,063"
3/13/2023,"1,547"
3/13/2023,"16,542"
3/13/2023,"2,063"
3/13/2023,"2,063"
3/14/2023,"1,547"
3/14/2023,"2,063"
3/14/2023,"31,180"
3/14/2023,"32,384"
3/14/2023,"46,000"
3/14/2023,"2,063"
3/14/2023,"2,063"
3/14/2023,"2,063"
3/14/2023,"1,547"
3/14/2023,"5,565"
3/14/2023,"7,574"
3/15/2023,"10,000"
3/15/2023,585
3/15/2023,"2,063"
3/15/2023,"2,063"
3/16/2023,"7,574"
3/16/2023,"7,574"
3/16/2023,"17,851"
3/16/2023,"1,547"
3/17/2023,"42,732"
3/17/2023,"2,063"
3/17/2023,"2,063"
3/17/2023,"5,063"
3/17/2023,"2,063"
3/17/2023,"2,063"
3/17/2023,"10,794"
3/17/2023,"5,063"
3/17/2023,"1,547"
3/18/2023,"2,063"
3/18/2023,"7,574"
3/18/2023,"12,095"
3/18/2023,"21,614"
3/18/2023,"28,545"
3/18/2023,"2,063"
3/18/2023,583
3/18/2023,"5,063"
3/19/2023,"1,547"
3/19/2023,"2,063"
3/19/2023,"2,063"
3/19/2023,"7,574"
3/19/2023,"31,682"
3/20/2023,"5,063"
3/20/2023,"2,063"
3/20/2023,"1,547"
3/20/2023,"2,532"
3/20/2023,"1,547"
3/20/2023,"7,574"
3/20/2023,"2,063"
3/20/2023,"1,547"
3/20/2023,"5,063"
3/20/2023,"1,547"
3/21/2023,"5,565"
3/21/2023,"10,566"
3/21/2023,"10,566"
3/21/2023,"5,063"
3/21/2023,"10,000"
3/22/2023,"2,063"
3/22/2023,"15,083"
3/22/2023,"1,547"
3/22/2023,"5,063"
3/22/2023,"5,063"
3/23/2023,"78,442"
3/23/2023,"1,547"
3/23/2023,"1,547"
3/23/2023,"2,063"
3/23/2023,"2,063"
3/23/2023,"5,063"
3/24/2023,"1,547"
3/24/2023,"28,720"
3/24/2023,"5,063"
3/24/2023,"12,095"
3/24/2023,"5,665"
3/24/2023,"5,565"
3/24/2023,"5,063"
3/24/2023,582
3/24/2023,"7,574"
3/24/2023,"9,181"
3/25/2023,"2,063"
3/25/2023,"5,565"
3/25/2023,"27,663"
3/25/2023,"1,547"
3/25/2023,"5,063"
3/25/2023,"2,063"
3/26/2023,"1,547"
3/27/2023,"5,063"
3/27/2023,"5,063"
3/27/2023,"16,570"
3/27/2023,"5,063"
3/27/2023,"25,000"
3/28/2023,"1,547"
3/28/2023,"16,892"
3/28/2023,"10,085"
3/28/2023,"24,719"
3/28/2023,"113,046"
3/29/2023,"7,574"
3/29/2023,"1,547"
3/29/2023,"1,547"
3/29/2023,"35,198"
3/29/2023,"7,574"
3/29/2023,"5,063"
3/30/2023,"8,574"
3/30/2023,"9,583"
3/30/2023,"5,063"
3/30/2023,"7,574"
3/30/2023,"1,547"
3/30/2023,"1,547"
3/31/2023,"5,063"
3/31/2023,"5,063"
3/31/2023,"6,570"
3/31/2023,"2,063"
3/31/2023,"5,063"
3/31/2023,"1,547"
3/31/2023,"5,063"
4/1/2023,"5,063"
4/1/2023,"1,547"
4/1/2023,"2,063"
4/2/2023,"2,833"
4/2/2023,"5,063"
4/2/2023,"1,547"
4/2/2023,"20,000"
4/2/2023,"7,574"
4/3/2023,"1,547"
4/3/2023,"2,063"
4/3/2023,"2,063"
4/3/2023,"2,063"
4/3/2023,583
4/4/2023,"7,574"
4/4/2023,"5,063"
4/5/2023,"2,063"
4/5/2023,"69,875"
4/5/2023,"30,175"
4/5/2023,"5,063"
4/5/2023,"1,547"
4/5/2023,"1,547"
4/5/2023,"5,063"
4/5/2023,"5,063"
4/6/2023,"27,664"
4/6/2023,"5,063"
4/6/2023,"5,063"
4/6/2023,"32,184"
4/7/2023,"5,063"
4/7/2023,"4,792"
4/7/2023,"5,063"
4/7/2023,"2,063"
4/8/2023,"5,063"
4/8/2023,"5,063"
4/8/2023,"5,063"
4/9/2023,"1,547"
4/10/2023,"5,063"
4/10/2023,"1,547"
4/11/2023,"5,063"
4/11/2023,"5,565"
4/12/2023,"7,574"
4/12/2023,"5,063"
4/15/2023,"2,063"
4/15/2023,"2,063"
4/15/2023,"5,063"
4/15/2023,"18,000"
4/21/2023,"5,063"
4/21/2023,"5,063"
4/21/2023,"2,063"
4/21/2023,"1,547"
4/21/2023,"5,063"
4/24/2023,"5,063"
4/24/2023,"5,665"
4/24/2023,"5,063"
4/24/2023,"1,547"
4/25/2023,"27,663"
4/25/2023,"14,079"
4/25/2023,"5,063"
4/25/2023,"7,574"
4/25/2023,"5,063"
4/26/2023,"5,063"
4/26/2023,"5,665"
4/26/2023,"4,500"
4/26/2023,"60,813"
4/26/2023,"1,547"
4/26/2023,"2,833"
4/26/2023,"5,063"
4/27/2023,"7,574"
4/27/2023,"5,063"
4/27/2023,"5,063"
4/27/2023,"5,665"
4/27/2023,"5,063"
4/27/2023,"1,547"
4/27/2023,"1,547"
4/28/2023,"1,547"
4/28/2023,"7,574"
4/28/2023,"15,947"
4/28/2023,"5,063"
4/28/2023,"14,000"
4/28/2023,"5,063"
4/28/2023,"2,063"
4/29/2023,"5,063"
4/29/2023,"2,063"
4/29/2023,"2,063"
4/29/2023,"2,063"
5/1/2023,"5,063"
5/1/2023,"1,547"
5/1/2023,"5,063"
5/2/2023,"5,063"
5/2/2023,"5,063"
5/2/2023,"5,063"
5/2/2023,"5,565"
5/2/2023,"2,063"
5/3/2023,"7,574"
5/3/2023,"1,547"
5/3/2023,"5,063"
5/4/2023,"57,799"
5/4/2023,"3,194"
5/4/2023,"27,664"
5/4/2023,"5,063"
5/4/2023,"5,063"
5/4/2023,"2,063"
5/4/2023,"35,198"
5/5/2023,"1,547"
5/5/2023,"5,063"
5/5/2023,"2,063"
5/5/2023,"1,547"
5/5/2023,"5,665"
5/5/2023,"5,063"
5/5/2023,"6,067"
5/5/2023,"1,547"
5/5/2023,"48,750"
5/6/2023,"1,547"
5/6/2023,"5,063"
5/6/2023,"5,063"
5/6/2023,"1,547"
5/7/2023,"40,220"
5/8/2023,"249,658"
5/8/2023,"249,658"
5/8/2023,"5,613"
5/8/2023,"5,063"
5/9/2023,"5,063"
5/9/2023,"2,063"
5/9/2023,"8,626"
5/9/2023,"25,655"
5/9/2023,"83,600"
5/9/2023,"2,063"
5/10/2023,"25,152"
5/11/2023,"75,378"
5/11/2023,"40,220"
5/12/2023,"5,565"
5/12/2023,"1,547"
5/12/2023,"5,565"
5/12/2023,"1,547"
5/12/2023,"5,063"
5/12/2023,"3,184"
5/12/2023,"5,065"
5/12/2023,"7,574"
5/12/2023,"2,063"
5/12/2023,"1,547"
5/13/2023,"5,063"
5/13/2023,"5,063"
5/13/2023,"2,063"
5/15/2023,"35,198"
5/15/2023,"1,547"
5/15/2023,"2,063"
5/16/2023,"5,063"
5/16/2023,"2,063"
5/16/2023,"5,063"
5/16/2023,"56,493"
5/16/2023,"5,063"
5/16/2023,"2,063"
5/17/2023,"1,547"
5/17/2023,"2,063"
5/17/2023,"2,063"
5/17/2023,"1,547"
5/18/2023,"41,425"
5/18/2023,"1,547"
5/18/2023,"5,063"
5/18/2023,"5,063"
5/18/2023,"2,063"
5/19/2023,"1,547"
5/19/2023,"2,063"
5/19/2023,"3,651"
5/20/2023,"1,547"
5/20/2023,"2,063"
5/21/2023,"7,574"
5/22/2023,"108,024"
5/22/2023,"5,063"
5/23/2023,"30,292"
5/23/2023,"43,734"
5/23/2023,"2,063"
5/23/2023,"5,063"
5/23/2023,"5,063"
5/24/2023,"11,798"
5/24/2023,"5,565"
5/24/2023,"5,063"
5/24/2023,"5,565"
5/24/2023,"41,978"
5/24/2023,"1,547"
5/25/2023,"1,547"
5/25/2023,"56,493"
5/25/2023,"2,063"
5/25/2023,"90,947"
5/25/2023,"5,063"
5/25/2023,"2,063"
5/26/2023,"1,547"
5/26/2023,"1,547"
5/26/2023,"7,574"
5/26/2023,"183,864"
5/27/2023,"2,833"
5/27/2023,"72,826"
5/27/2023,"44,238"
5/27/2023,"1,547"
5/29/2023,"9,733"
5/29/2023,"3,184"
5/29/2023,"38,211"
5/29/2023,"1,547"
5/30/2023,"2,063"
5/30/2023,"101,495"
5/30/2023,"5,063"
5/31/2023,"48,758"
5/31/2023,"2,063"
5/31/2023,"35,198"
5/31/2023,"1,547"
5/31/2023,"2,063"
6/1/2023,"1,547"
6/2/2023,"2,063"
6/2/2023,"1,547"
6/2/2023,"7,574"
6/3/2023,"1,547"
6/4/2023,"5,063"
6/4/2023,"2,063"
6/5/2023,"7,574"
6/5/2023,"1,547"
6/5/2023,"60,310"
6/5/2023,"70,355"
6/6/2023,"2,063"
6/6/2023,"5,665"
6/7/2023,"1,547"
6/7/2023,"2,063"
6/7/2023,"5,063"
6/8/2023,"12,195"
6/8/2023,"1,547"
6/9/2023,"5,063"
6/9/2023,"40,220"
6/9/2023,"2,063"
6/9/2023,"11,592"
6/9/2023,"1,547"
6/10/2023,505
6/10/2023,"2,063"
6/10/2023,"7,574"
6/11/2023,"1,547"
6/11/2023,"2,063"
6/11/2023,"1,547"
6/11/2023,"5,063"
6/11/2023,"7,574"
6/11/2023,"5,063"
6/12/2023,"5,565"
6/12/2023,"5,063"
6/12/2023,"4,044"
6/13/2023,"9,583"
6/13/2023,"1,547"
6/13/2023,"40,471"
6/14/2023,"2,063"
6/14/2023,"2,063"
6/14/2023,"2,063"
6/14/2023,"4,653"
6/15/2023,"4,045"
6/15/2023,"2,391"
6/15/2023,"11,957"
6/16/2023,"26,408"
6/16/2023,"3,094"
6/16/2023,505
6/17/2023,"1,547"
6/17/2023,"2,063"
6/17/2023,"31,936"
6/17/2023,"1,547"
6/18/2023,"1,547"
6/19/2023,"5,063"
6/19/2023,"119,576"
6/20/2023,"1,547"
6/20/2023,"2,063"
6/21/2023,"5,063"
6/21/2023,"1,547"
6/21/2023,"5,063"
6/22/2023,"60,310"
6/22/2023,"2,063"
6/22/2023,"55,162"
6/22/2023,"5,063"
6/22/2023,"1,547"
6/22/2023,"1,547"
6/22/2023,"2,063"
6/22/2023,"5,063"
6/23/2023,"5,063"
6/23/2023,"25,152"
6/23/2023,"1,547"
6/23/2023,"1,547"
6/24/2023,"5,063"
6/24/2023,"2,063"
6/24/2023,"20,130"
6/24/2023,"5,063"
6/26/2023,"1,547"
6/26/2023,"1,547"
6/26/2023,"5,063"
6/26/2023,"5,063"
6/26/2023,"2,063"
6/27/2023,"7,574"
6/27/2023,"82,490"
6/27/2023,"1,547"
6/27/2023,"35,198"
6/28/2023,"3,787"
6/28/2023,"8,177"
6/29/2023,"35,198"
6/29/2023,"73,335"
6/29/2023,"5,063"
6/29/2023,"28,292"
6/29/2023,"1,547"
6/30/2023,"35,198"
6/30/2023,"5,063"
6/30/2023,"7,574"
6/30/2023,"1,547"
6/30/2023,"2,063"
7/1/2023,"5,063"
7/1/2023,"2,063"
7/1/2023,"2,063"
7/1/2023,"5,565"
7/2/2023,"1,547"
7/2/2023,"5,063"
7/2/2023,"2,063"
7/3/2023,"5,063"
7/3/2023,"35,198"
7/3/2023,"7,574"
7/3/2023,"1,547"
7/3/2023,"2,063"
7/4/2023,"1,547"
7/4/2023,505
7/5/2023,"5,063"
7/5/2023,"5,565"
7/5/2023,"5,565"
7/6/2023,"5,063"
7/6/2023,"5,063"
7/6/2023,"2,063"
7/6/2023,560
7/7/2023,"1,547"
7/7/2023,"1,547"
7/8/2023,"1,547"
7/8/2023,"5,063"
7/9/2023,"5,063"
7/9/2023,"2,063"
7/9/2023,"7,574"
7/10/2023,"40,723"
7/10/2023,"5,063"
7/10/2023,"1,547"
7/11/2023,"5,063"
7/11/2023,"21,135"
7/11/2023,"1,547"
7/11/2023,"1,547"
7/11/2023,"1,547"
7/11/2023,"1,547"
7/12/2023,"48,957"
7/12/2023,"5,063"
7/12/2023,"2,063"
7/12/2023,"1,547"
7/13/2023,"5,665"
7/13/2023,"1,547"
7/13/2023,"2,063"
7/13/2023,"72,615"
7/13/2023,"2,063"
7/14/2023,"2,063"
7/14/2023,"7,574"
7/15/2023,"5,063"
7/15/2023,"38,211"
7/15/2023,"1,547"
7/17/2023,"2,063"
7/17/2023,"1,547"
7/18/2023,"5,063"
7/18/2023,"1,547"
7/18/2023,"5,063"
7/18/2023,"5,063"
7/19/2023,"2,063"
7/20/2023,"15,000"
7/20/2023,"12,000"
7/20/2023,"1,547"
7/21/2023,147
7/21/2023,"1,547"
7/22/2023,"4,792"
7/22/2023,"1,547"
7/22/2023,"5,063"
7/23/2023,"5,063"
7/23/2023,"5,063"
7/24/2023,"5,063"
7/24/2023,"1,547"
7/24/2023,"1,547"
7/25/2023,"1,547"
7/26/2023,"27,664"
7/27/2023,"2,063"
7/27/2023,"7,574"
7/28/2023,"40,722"
7/28/2023,"1,547"
7/28/2023,"1,547"
7/28/2023,"27,290"
7/28/2023,"5,063"
7/29/2023,"2,063"
7/29/2023,"36,704"
7/29/2023,"1,547"
7/29/2023,"1,547"
7/29/2023,"25,153"
7/30/2023,"5,565"
7/30/2023,"1,547"
7/31/2023,"5,063"
7/31/2023,"5,063"
7/31/2023,"8,912"
7/31/2023,"5,063"
8/1/2023,"1,547"
8/2/2023,"2,063"
8/2/2023,"1,547"
8/2/2023,"5,063"
8/2/2023,"26,684"
8/3/2023,"7,574"
8/3/2023,"1,547"
8/3/2023,"5,063"
8/3/2023,"2,063"
8/4/2023,"7,574"
8/4/2023,"79,574"
8/4/2023,"1,547"
8/4/2023,"5,063"
8/4/2023,"1,547"
8/5/2023,"2,063"
8/5/2023,"2,063"
8/5/2023,"2,063"
8/6/2023,"1,547"
8/7/2023,"46,045"
8/7/2023,"32,060"
8/7/2023,"38,010"
8/7/2023,"2,063"
8/7/2023,"2,063"
8/8/2023,"1,547"
8/8/2023,"37,709"
8/8/2023,"7,574"
8/8/2023,"5,063"
8/9/2023,"31,978"
8/9/2023,"112,298"
8/9/2023,"3,196"
8/9/2023,"5,063"
8/10/2023,"98,484"
8/10/2023,"1,547"
8/10/2023,"5,063"
8/10/2023,"5,063"
8/11/2023,"1,547"
8/11/2023,"5,063"
8/11/2023,"5,565"
8/11/2023,"1,547"
8/11/2023,"5,063"
8/11/2023,"67,261"
8/11/2023,"1,547"
8/12/2023,"1,547"
8/12/2023,"25,158"
8/12/2023,"5,685"
8/12/2023,"2,063"
8/13/2023,"1,547"
8/13/2023,"2,063"
8/13/2023,"2,063"
8/13/2023,"1,547"
8/14/2023,"219,021"
8/14/2023,"144,015"
8/14/2023,"20,000"
8/14/2023,"15,000"
8/14/2023,"5,063"
8/14/2023,"5,063"
8/14/2023,"2,063"
8/14/2023,"35,588"
8/14/2023,"5,063"
8/14/2023,"1,547"
8/17/2023,"1,547"
8/17/2023,"5,063"
8/17/2023,"41,476"
8/17/2023,"1,547"
8/17/2023,"2,063"
8/18/2023,"5,063"
8/18/2023,"5,063"
8/18/2023,"5,063"
8/18/2023,"37,709"
8/18/2023,"2,063"
8/18/2023,"1,547"
8/19/2023,"5,063"
8/19/2023,"35,198"
8/19/2023,"5,565"
8/19/2023,"2,063"
8/20/2023,"5,063"
8/21/2023,"168,193"
8/21/2023,"5,063"
8/22/2023,"5,063"
8/22/2023,"146,948"
8/22/2023,"7,574"
8/22/2023,545
8/23/2023,"33,918"
8/23/2023,"1,547"
8/23/2023,"1,547"
8/24/2023,"1,547"
8/24/2023,"5,063"
8/24/2023,"252,760"
8/24/2023,"1,547"
8/24/2023,"5,063"
8/25/2023,"56,001"
8/25/2023,"1,547"
8/25/2023,"1,547"
8/25/2023,"105,513"
8/25/2023,505
8/26/2023,"2,063"
8/26/2023,"5,063"
8/27/2023,"1,547"
8/27/2023,"5,063"
8/27/2023,505
8/27/2023,"1,547"
8/27/2023,"5,063"
8/27/2023,"5,063"
8/28/2023,"35,152"
8/28/2023,"5,063"
8/28/2023,"34,001"
8/28/2023,"5,063"
8/29/2023,"63,860"
8/29/2023,"5,063"
8/29/2023,"1,547"
8/29/2023,"5,063"
8/29/2023,"5,565"
8/30/2023,"7,574"
8/30/2023,"5,565"
8/30/2023,"2,063"
8/30/2023,"97,979"
8/31/2023,"68,346"
8/31/2023,"7,574"
8/31/2023,"7,574"
8/31/2023,"1,547"
9/1/2023,"1,547"
9/1/2023,"1,547"
9/1/2023,"5,063"
9/2/2023,"2,063"
9/2/2023,"5,063"
9/2/2023,"364,311"
9/2/2023,"1,547"
9/2/2023,"5,063"
9/3/2023,"1,547"
9/4/2023,"5,063"
9/4/2023,"5,063"
9/4/2023,"1,547"
9/5/2023,"7,574"
9/6/2023,"1,547"
9/6/2023,"2,063"
9/6/2023,"89,441"
9/6/2023,"5,063"
9/6/2023,"5,063"
9/6/2023,"2,063"
9/6/2023,"7,574"
9/6/2023,"57,292"
9/7/2023,"37,696"
9/7/2023,"1,547"
9/7/2023,"54,032"
9/8/2023,"2,063"
9/8/2023,"35,850"
9/8/2023,"3,186"
9/8/2023,"2,063"
9/8/2023,"1,547"
9/8/2023,"53,831"
9/8/2023,"1,547"
9/8/2023,"5,063"
9/8/2023,"5,063"
9/9/2023,"1,547"
9/10/2023,"1,547"
9/10/2023,"1,547"
9/10/2023,"5,063"
9/11/2023,"1,547"
9/11/2023,"1,547"
9/11/2023,"3,651"
9/11/2023,"1,547"
9/12/2023,"1,547"
9/12/2023,"1,547"
9/12/2023,"2,063"
9/12/2023,"7,574"
9/12/2023,"5,063"
9/13/2023,"37,458"
9/13/2023,"3,651"
9/13/2023,"34,339"
9/13/2023,"1,547"
9/14/2023,"53,178"
9/14/2023,"40,220"
9/14/2023,"5,063"
9/14/2023,"2,063"
9/14/2023,"2,063"
9/15/2023,"5,063"
9/15/2023,"165,783"
9/15/2023,"165,783"
9/15/2023,"165,783"
9/15/2023,"165,783"
9/15/2023,"1,547"
9/15/2023,"5,063"
9/16/2023,"53,273"
9/16/2023,"2,063"
9/17/2023,"2,063"
9/17/2023,"1,547"
9/17/2023,"1,547"
9/18/2023,"5,063"
9/18/2023,"28,180"
9/18/2023,505
9/19/2023,"2,063"
9/19/2023,"40,220"
9/19/2023,"2,063"
9/19/2023,"1,547"
9/20/2023,"1,547"
9/20/2023,"2,063"
9/20/2023,"1,547"
9/21/2023,"7,574"
9/21/2023,"42,732"
9/21/2023,"67,804"
9/21/2023,"48,382"
9/21/2023,"20,864"
9/22/2023,"91,198"
9/22/2023,"7,574"
9/22/2023,"5,665"
9/22/2023,"1,547"
9/22/2023,"104,508"
9/22/2023,"1,547"
9/22/2023,"5,063"
9/23/2023,"5,063"
9/25/2023,"5,063"
9/25/2023,"79,772"
9/25/2023,"7,574"
9/25/2023,"1,547"
9/25/2023,"5,565"
9/26/2023,"104,508"
9/26/2023,"27,664"
9/26/2023,"5,063"
9/26/2023,"5,063"
9/26/2023,"46,498"
9/27/2023,"1,547"
9/27/2023,"5,063"
9/27/2023,"1,547"
9/27/2023,"1,547"
9/28/2023,"7,574"
9/28/2023,"2,063"
9/28/2023,"5,063"
9/29/2023,"31,028"
9/29/2023,"1,547"
9/29/2023,"37,725"
9/29/2023,"5,565"
9/29/2023,"30,728"
9/30/2023,"42,028"
10/1/2023,"5,063"
10/1/2023,"2,063"
10/1/2023,"5,063"
10/1/2023,"7,574"
10/1/2023,"2,063"
10/1/2023,"9,583"
10/2/2023,"45,475"
10/2/2023,"1,547"
10/2/2023,"5,063"
10/2/2023,"25,174"
10/2/2023,"4,618"
10/2/2023,"2,063"
10/3/2023,"5,063"
10/3/2023,"1,547"
10/3/2023,"30,533"
10/3/2023,"1,547"
10/3/2023,"7,574"
10/4/2023,"5,063"
10/4/2023,"5,063"
10/4/2023,"5,063"
10/4/2023,"1,547"
10/5/2023,"127,722"
10/5/2023,"2,063"
10/5/2023,"1,547"
10/6/2023,"3,183"
10/6/2023,"1,547"
10/6/2023,"67,300"
10/6/2023,"30,120"
10/6/2023,"248,152"
10/6/2023,"42,731"
10/6/2023,"1,547"
10/6/2023,"1,547"
10/7/2023,"5,565"
10/7/2023,"1,547"
10/7/2023,"5,063"
10/7/2023,"2,063"
10/7/2023,"2,063"
10/7/2023,"7,574"
10/8/2023,"2,063"
10/9/2023,"4,262"
10/9/2023,"19,392"
10/10/2023,"5,063"
10/10/2023,"5,063"
10/10/2023,545
10/11/2023,"5,063"
10/11/2023,"63,813"
10/11/2023,"1,547"
10/11/2023,"1,547"
10/11/2023,"2,063"
10/11/2023,"5,063"
10/12/2023,"7,574"
10/12/2023,"5,565"
10/12/2023,"2,063"
10/12/2023,"5,063"
10/13/2023,"50,265"
10/13/2023,"1,547"
10/13/2023,"1,547"
10/13/2023,"1,547"
10/13/2023,"129,118"
10/13/2023,"1,547"
10/14/2023,"2,063"
10/15/2023,"2,063"
10/16/2023,"7,574"
10/16/2023,"5,063"
10/16/2023,"7,574"
10/16/2023,"4,321"
10/16/2023,"4,321"
10/17/2023,"7,574"
10/17/2023,"4,321"
10/17/2023,"1,547"
10/17/2023,"5,481"
10/18/2023,"1,547"
10/18/2023,"1,547"
10/19/2023,"5,063"
10/19/2023,"1,547"
10/19/2023,"5,063"
10/19/2023,"2,063"
10/19/2023,"1,547"
10/19/2023,"2,063"
10/20/2023,"2,063"
10/21/2023,"5,565"
10/21/2023,"5,063"
10/21/2023,"1,547"
10/21/2023,"2,063"
10/22/2023,"1,547"
10/23/2023,"1,547"
10/23/2023,"1,547"
10/23/2023,"8,176"
10/23/2023,"1,547"
10/24/2023,"48,105"
10/24/2023,"7,574"
10/24/2023,"5,063"
10/24/2023,"5,063"
10/25/2023,"5,063"
10/25/2023,"5,063"
10/25/2023,"1,547"
10/26/2023,"28,634"
10/26/2023,"1,547"
10/26/2023,"26,408"
10/26/2023,"2,063"
10/27/2023,"1,547"
10/27/2023,"1,547"
10/27/2023,"77,387"
10/27/2023,"5,063"
10/27/2023,"5,063"
10/27/2023,"1,547"
10/28/2023,"5,063"
10/28/2023,"1,547"
10/30/2023,"2,063"
10/30/2023,"3,186"
10/30/2023,"5,063"
10/30/2023,"5,063"
10/30/2023,"42,163"
10/30/2023,"1,547"
10/30/2023,"5,063"
10/31/2023,"11,248"
10/31/2023,"1,547"
10/31/2023,"109,279"
10/31/2023,"7,574"
11/1/2023,"1,547"
11/1/2023,"2,063"
11/2/2023,"11,430"
11/2/2023,"2,063"
11/2/2023,"5,063"
11/2/2023,"41,797"
11/2/2023,"2,063"
11/2/2023,"2,063"
11/3/2023,"7,574"
11/3/2023,"7,574"
11/3/2023,"1,547"
11/3/2023,"1,547"
11/3/2023,"1,547"
11/3/2023,"7,574"
11/4/2023,"5,063"
11/5/2023,"1,547"
11/6/2023,"2,063"
11/6/2023,"2,063"
11/6/2023,"1,547"
11/6/2023,"1,547"
11/6/2023,"1,547"
11/7/2023,"40,220"
11/7/2023,"1,547"
11/7/2023,"1,547"
11/8/2023,"37,458"
11/8/2023,"2,063"
11/9/2023,"1,547"
11/9/2023,"48,860"
11/10/2023,"44,839"
11/10/2023,"1,547"
11/10/2023,"5,665"
11/10/2023,"1,547"
11/11/2023,"7,574"
11/11/2023,"5,063"
11/11/2023,"1,547"
11/12/2023,"1,547"
11/12/2023,"17,619"
11/12/2023,"1,547"
11/12/2023,"1,547"
11/12/2023,"1,547"
11/12/2023,"1,547"
11/13/2023,"1,547"
11/13/2023,"5,063"
11/13/2023,"2,063"
11/13/2023,"1,547"
11/14/2023,"27,150"
11/14/2023,"2,063"
11/14/2023,"3,000"
11/14/2023,"5,063"
11/14/2023,"5,063"
11/15/2023,"2,063"
11/15/2023,"9,585"
11/15/2023,"1,547"
11/16/2023,"5,665"
11/16/2023,"2,063"
11/16/2023,"54,283"
11/16/2023,"1,547"
11/17/2023,"5,063"
11/17/2023,"1,547"
11/18/2023,"5,063"
11/18/2023,"1,547"
11/18/2023,545
11/19/2023,"5,063"
11/20/2023,"45,243"
11/20/2023,"5,063"
11/20/2023,"75,063"
11/20/2023,"2,063"
11/20/2023,"7,574"
11/21/2023,"64,077"
11/21/2023,"8,176"
11/21/2023,"5,063"
11/21/2023,"5,000"
11/21/2023,"2,063"
11/22/2023,"1,547"
11/22/2023,"5,063"
11/22/2023,"40,755"
11/22/2023,"7,574"
11/22/2023,"5,063"
11/22/2023,"46,599"
11/22/2023,"1,547"
11/22/2023,"1,547"
11/23/2023,"5,063"
11/23/2023,"51,599"
11/23/2023,"5,063"
11/24/2023,"1,547"
11/24/2023,"2,063"
11/24/2023,"5,063"
11/24/2023,"7,574"
11/26/2023,"5,063"
11/26/2023,"31,933"
11/27/2023,"2,063"
11/27/2023,"37,207"
11/27/2023,"171,307"
11/27/2023,"3,651"
11/27/2023,"3,000"
11/28/2023,"7,574"
11/28/2023,"2,063"
11/28/2023,"1,547"
11/28/2023,"1,547"
11/28/2023,"1,547"
11/29/2023,"54,032"
11/29/2023,"9,583"
11/29/2023,"7,574"
11/29/2023,"75,338"
11/29/2023,"44,238"
11/29/2023,"1,547"
11/30/2023,"7,574"
11/30/2023,"1,547"
11/30/2023,"5,063"
11/30/2023,"2,063"
11/30/2023,"2,063"
11/30/2023,"5,063"
12/1/2023,"5,063"
12/1/2023,"37,458"
12/1/2023,"5,063"
12/1/2023,"5,063"
12/1/2023,"164,276"
12/1/2023,"153,126"
12/1/2023,"1,547"
12/1/2023,"1,547"
12/2/2023,"5,063"
12/2/2023,"1,547"
12/2/2023,"10,600"
12/2/2023,"1,547"
12/3/2023,"2,063"
12/4/2023,"2,063"
12/4/2023,"4,064"
12/4/2023,505
12/5/2023,"1,547"
12/5/2023,"7,574"
12/5/2023,"7,574"
12/5/2023,"5,063"
12/6/2023,"2,063"
12/6/2023,"49,899"
12/6/2023,"2,063"
12/6/2023,"25,500"
12/6/2023,"1,547"
12/7/2023,"45,744"
12/7/2023,"49,763"
12/8/2023,"9,583"
12/8/2023,"79,395"
12/8/2023,"7,574"
12/8/2023,"49,147"
12/8/2023,"7,574"
12/8/2023,"47,400"
12/8/2023,"1,547"
12/8/2023,"5,063"
12/11/2023,"5,063"
12/11/2023,"5,063"
12/11/2023,"5,063"
12/11/2023,"5,063"
12/11/2023,"5,063"
12/11/2023,"37,709"
12/11/2023,"1,547"
12/11/2023,"9,583"
12/13/2023,"1,547"
12/13/2023,"7,574"
12/13/2023,"5,063"
12/13/2023,"5,063"
12/13/2023,"2,063"
12/13/2023,"1,547"
12/14/2023,"1,547"
12/14/2023,"99,650"
12/14/2023,"7,574"
12/14/2023,"2,063"
12/14/2023,"7,574"
12/15/2023,"1,547"
12/15/2023,"5,063"
12/15/2023,"5,063"
12/15/2023,"45,594"
12/15/2023,"45,996"
12/15/2023,"1,547"
12/15/2023,"3,662"
12/16/2023,"5,063"
12/17/2023,"7,574"
12/17/2023,"1,547"
12/18/2023,"2,063"
12/18/2023,"7,574"
12/18/2023,"7,574"
12/18/2023,"1,547"
12/18/2023,"7,574"
12/19/2023,"2,063"
12/19/2023,"1,547"
12/19/2023,"2,063"
12/19/2023,"65,333"
12/19/2023,"3,183"
12/20/2023,"7,574"
12/20/2023,"60,310"
12/20/2023,"1,547"
12/20/2023,"48,758"
12/20/2023,"40,722"
12/20/2023,"5,063"
12/20/2023,"52,776"
12/20/2023,"1,547"
12/20/2023,"57,297"
12/20/2023,"5,000"
12/20/2023,"5,063"
12/21/2023,"5,063"
12/21/2023,"5,063"
12/21/2023,"5,063"
12/22/2023,"5,063"
12/22/2023,"5,063"
12/22/2023,"1,547"
12/22/2023,"1,547"
12/22/2023,"1,547"
12/22/2023,"5,063"
12/22/2023,"1,547"
12/22/2023,"2,063"
12/22/2023,"9,583"
12/23/2023,"5,063"
12/23/2023,"1,547"
12/23/2023,"1,547"
12/23/2023,"5,665"
12/23/2023,"2,063"
12/23/2023,"1,547"
12/23/2023,"5,063"
12/23/2023,"1,547"
12/24/2023,"1,547"
12/24/2023,"2,063"
12/24/2023,"2,063"
12/24/2023,"1,547"
12/24/2023,"71,360"
12/24/2023,"7,574"
12/25/2023,"56,292"
12/25/2023,"5,063"
12/25/2023,"5,063"
12/26/2023,"7,574"
12/26/2023,"1,547"
12/27/2023,"2,063"
12/27/2023,"5,665"
12/27/2023,"1,547"
12/27/2023,"7,574"
12/27/2023,"20,502"
12/27/2023,"1,547"
12/27/2023,"1,547"
12/27/2023,"47,252"
12/28/2023,"2,063"
12/28/2023,"1,547"
12/28/2023,"5,063"
12/28/2023,"1,547"
12/28/2023,"55,288"
12/29/2023,"40,220"
12/29/2023,"20,130"
12/29/2023,"20,130"
12/29/2023,"5,665"
12/29/2023,"1,547"
12/29/2023,"20,130"
12/29/2023,"5,063"
12/29/2023,"3,651"
12/29/2023,"1,547"
12/30/2023,"5,063"
12/30/2023,"5,063"
12/30/2023,"7,574"
12/31/2023,"1,547"
12/31/2023,"5,063"
1/1/2024,"1,547"
1/2/2024,"2,063"
1/2/2024,"2,063"
1/2/2024,"79,898"
1/2/2024,"183,864"
1/2/2024,"4,873"
1/3/2024,"5,063"
1/3/2024,"1,547"
1/3/2024,"75,378"
1/3/2024,"5,063"
1/3/2024,"5,063"
1/4/2024,"79,108"
1/5/2024,"2,063"
1/5/2024,"5,063"
1/5/2024,"1,547"
1/5/2024,"2,063"
1/5/2024,"7,574"
1/5/2024,"5,063"
1/5/2024,"197,550"
1/5/2024,"108,526"
1/5/2024,"82,409"
1/6/2024,"2,063"
1/6/2024,"7,574"
1/8/2024,"1,547"
1/8/2024,"7,574"
1/8/2024,"5,063"
1/8/2024,"7,574"
1/9/2024,"47,861"
1/9/2024,"37,207"
1/9/2024,"1,547"
1/10/2024,"16,834"
1/10/2024,"1,547"
1/10/2024,"3,683"
1/10/2024,"1,547"
1/10/2024,"1,547"
1/10/2024,"2,063"
1/11/2024,"1,547"
1/11/2024,"15,882"
1/11/2024,"7,574"
1/11/2024,"7,574"
1/12/2024,"37,207"
1/12/2024,"1,547"
1/13/2024,"5,063"
1/13/2024,"1,547"
1/14/2024,"2,063"
1/14/2024,"7,574"
1/15/2024,"2,063"
1/15/2024,"3,691"
1/15/2024,"1,547"
1/16/2024,"106,768"
1/16/2024,"5,063"
1/16/2024,"107,120"
1/16/2024,"1,547"
1/17/2024,"57,297"
1/17/2024,"56,292"
1/17/2024,"5,063"
1/18/2024,"1,547"
1/18/2024,"134,764"
1/19/2024,"5,063"
1/19/2024,"2,063"
1/19/2024,"21,547"
1/20/2024,"5,665"
1/20/2024,"5,665"
1/20/2024,"96,929"
1/20/2024,"2,063"
1/22/2024,"2,063"
1/22/2024,"20,130"
1/22/2024,"7,574"
1/22/2024,"168,495"
1/22/2024,505
1/22/2024,"1,547"
1/22/2024,"5,000"
1/23/2024,"7,574"
1/23/2024,"55,288"
1/24/2024,"5,063"
1/24/2024,"37,207"
1/24/2024,"40,220"
1/25/2024,"2,063"
1/25/2024,"1,547"
1/25/2024,"1,547"
1/25/2024,505
1/25/2024,"6,067"
1/25/2024,"5,063"
1/26/2024,"5,063"
1/26/2024,"7,574"
1/26/2024,"5,063"
1/26/2024,"101,250"
1/26/2024,"5,063"
1/27/2024,"5,063"
1/27/2024,"1,547"
1/27/2024,"1,547"
1/27/2024,"5,063"
1/27/2024,"5,063"
1/28/2024,"37,458"
1/28/2024,"1,547"
1/28/2024,"4,580"
1/28/2024,"2,063"
1/28/2024,"1,547"
1/29/2024,"18,157"
1/29/2024,"5,063"
1/29/2024,"104,508"
1/29/2024,"3,651"
1/29/2024,"5,053"
1/30/2024,"37,457"
1/30/2024,"2,063"
1/30/2024,"1,547"
1/30/2024,"6,067"
1/31/2024,"5,063"
1/31/2024,"5,063"
2/1/2024,"17,447"
2/1/2024,"1,547"
2/1/2024,"126,105"
2/1/2024,"1,547"
2/1/2024,"180,850"
2/1/2024,"1,547"
2/2/2024,"7,574"
2/2/2024,"1,547"
2/2/2024,"1,547"
2/2/2024,"7,574"
2/2/2024,"1,547"
2/2/2024,"1,547"
2/3/2024,"1,547"
2/3/2024,"1,000"
2/3/2024,"27,664"
2/4/2024,"1,000"
2/5/2024,"1,547"
2/5/2024,"1,547"
2/5/2024,"1,000"
2/5/2024,"6,067"
2/5/2024,"12,699"
2/5/2024,"7,574"
2/5/2024,"5,063"
2/6/2024,"4,580"
2/6/2024,"5,063"
2/6/2024,"5,063"
2/6/2024,"126,105"
2/6/2024,"5,063"
2/6/2024,"1,000"
2/7/2024,"1,547"
2/7/2024,"5,060"
2/7/2024,"4,580"
2/7/2024,"4,580"
2/7/2024,"5,063"
2/8/2024,"4,580"
2/8/2024,"4,580"
2/8/2024,"10,587"
2/8/2024,"4,580"
2/8/2024,"4,580"
2/8/2024,"1,000"
2/8/2024,"1,000"
2/9/2024,"114,553"
2/9/2024,"90,947"
2/9/2024,"37,708"
2/9/2024,"4,580"
2/9/2024,"4,580"
2/9/2024,"9,583"
2/10/2024,"6,067"
2/10/2024,"2,063"
2/10/2024,"45,242"
2/10/2024,"5,063"
2/11/2024,"2,063"
2/11/2024,"1,547"
2/11/2024,"1,045"
2/11/2024,"5,063"
2/12/2024,"37,709"
2/12/2024,"1,045"
2/12/2024,"1,045"
2/12/2024,"49,260"
2/13/2024,"5,063"
2/13/2024,"1,547"
2/14/2024,"5,063"
2/14/2024,"1,045"
2/14/2024,"44,238"
2/14/2024,"2,063"
2/14/2024,"8,176"
2/14/2024,"2,068"
2/14/2024,"15,068"
2/15/2024,"28,291"
2/15/2024,"180,850"
2/15/2024,"10,116"
2/16/2024,"7,574"
2/16/2024,"1,045"
2/16/2024,"6,067"
2/16/2024,"1,045"
2/16/2024,"1,045"
2/16/2024,"9,583"
2/17/2024,"1,547"
2/17/2024,"1,547"
2/17/2024,"1,045"
2/17/2024,"9,583"
2/17/2024,"2,063"
2/18/2024,"7,574"
2/18/2024,"5,063"
2/18/2024,"3,651"
2/18/2024,"5,063"
2/19/2024,"1,045"
2/19/2024,"4,580"
2/19/2024,"104,485"
2/19/2024,"1,045"
2/19/2024,"24,550"
2/20/2024,"9,583"
2/20/2024,"9,583"
2/20/2024,"1,045"
2/20/2024,"1,046"
2/20/2024,"36,603"
2/20/2024,"5,063"
2/21/2024,"42,731"
2/21/2024,"31,648"
2/21/2024,"1,547"
2/22/2024,"5,063"
2/22/2024,"5,063"
2/22/2024,"1,547"
2/22/2024,"5,063"
2/22/2024,"6,067"
2/23/2024,"7,574"
2/23/2024,"7,574"
2/23/2024,"1,045"
2/23/2024,"2,065"
2/23/2024,"44,198"
2/23/2024,"5,063"
2/23/2024,"5,063"
2/24/2024,"1,045"
2/24/2024,"3,691"
2/24/2024,"2,063"
2/24/2024,"50,265"
2/24/2024,"7,574"
2/25/2024,"7,574"
2/25/2024,"1,045"
2/25/2024,"5,063"
2/25/2024,"1,547"
2/25/2024,"1,547"
2/25/2024,"5,063"
2/25/2024,"12,665"
2/25/2024,"7,574"
2/25/2024,"5,063"
2/26/2024,"1,045"
2/26/2024,"5,056"
2/26/2024,"12,707"
2/26/2024,"57,798"
2/26/2024,"5,063"
2/27/2024,"7,574"
2/27/2024,"1,547"
2/27/2024,"55,287"
2/27/2024,"5,063"
2/27/2024,"1,547"
2/27/2024,"2,063"
2/27/2024,"5,063"
2/28/2024,"3,094"
2/28/2024,"2,063"
2/28/2024,"5,063"
2/28/2024,"62,319"
2/28/2024,"20,751"
2/28/2024,"5,063"
2/28/2024,"5,063"
2/28/2024,"9,583"
2/29/2024,"5,063"
2/29/2024,"1,547"
2/29/2024,"17,857"
2/29/2024,"7,574"
3/1/2024,"74,373"
3/1/2024,"24,210"
3/1/2024,"1,045"
3/1/2024,"4,580"
3/1/2024,"87,432"
3/1/2024,"1,045"
3/1/2024,"114,301"
3/1/2024,"7,574"
3/1/2024,"2,063"
3/1/2024,"1,045"
3/1/2024,"1,547"
3/1/2024,"1,045"
3/1/2024,"1,046"
3/3/2024,"1,547"
3/3/2024,"1,000"
3/3/2024,"1,000"
3/3/2024,"6,067"
3/3/2024,"1,045"
3/4/2024,"5,063"
3/4/2024,"5,063"
3/4/2024,"4,580"
3/4/2024,"1,547"
3/4/2024,"5,063"
3/4/2024,"15,390"
3/4/2024,"1,547"
3/5/2024,"112,818"
3/5/2024,"5,063"
3/5/2024,"1,547"
3/5/2024,"4,580"
3/5/2024,"4,580"
3/5/2024,"51,470"
3/5/2024,"5,063"
3/6/2024,"37,207"
3/6/2024,"169,984"
3/6/2024,"4,580"
3/6/2024,"12,624"
3/6/2024,"5,063"
3/6/2024,"5,063"
3/6/2024,"1,547"
3/6/2024,"9,583"
3/6/2024,"1,000"
3/7/2024,"4,580"
3/7/2024,"7,574"
3/7/2024,"52,023"
3/7/2024,"1,547"
3/7/2024,"2,063"
3/7/2024,"5,063"
3/8/2024,"5,665"
3/8/2024,"1,547"
3/8/2024,"7,574"
3/8/2024,"75,378"
3/8/2024,"37,708"
3/8/2024,"7,574"
3/9/2024,"7,574"
3/9/2024,"1,045"
3/10/2024,"1,547"
3/10/2024,"1,547"
3/10/2024,"1,045"
3/10/2024,"4,580"
3/11/2024,"1,547"
3/11/2024,"1,045"
3/11/2024,"1,047"
3/11/2024,"1,547"
3/11/2024,"2,063"
3/11/2024,"5,063"
3/11/2024,"5,063"
3/12/2024,"1,045"
3/12/2024,"5,063"
3/12/2024,"51,270"
3/12/2024,"126,105"
3/12/2024,"5,063"
3/13/2024,"5,063"
3/13/2024,"12,376"
3/13/2024,"8,877"
3/13/2024,"2,063"
3/13/2024,"5,063"
3/13/2024,"2,063"
3/13/2024,"1,045"
3/13/2024,"1,547"
3/14/2024,"7,574"
3/14/2024,"1,045"
3/14/2024,"1,547"
3/14/2024,"25,153"
3/14/2024,"7,574"
3/15/2024,"1,045"
3/15/2024,"5,063"
3/15/2024,"7,574"
3/15/2024,"5,063"
3/15/2024,"1,045"
3/16/2024,"5,063"
3/16/2024,"1,045"
3/17/2024,"1,045"
3/17/2024,"93,042"
3/17/2024,"1,547"
3/18/2024,"1,045"
3/18/2024,"204,456"
3/18/2024,"1,547"
3/18/2024,"1,045"
3/19/2024,"5,063"
3/19/2024,"7,574"
3/19/2024,"1,045"
3/19/2024,"5,063"
3/20/2024,"4,580"
3/20/2024,"1,045"
3/20/2024,"5,063"
3/20/2024,"5,665"
3/20/2024,"1,045"
3/20/2024,"5,063"
3/20/2024,"9,583"
3/20/2024,"4,580"
3/21/2024,"4,791"
3/21/2024,"5,063"
3/22/2024,"5,063"
3/22/2024,"5,063"
3/22/2024,"5,063"
3/22/2024,"12,372"
3/23/2024,"1,547"
3/23/2024,"5,063"
3/23/2024,"2,063"
3/24/2024,"5,063"
3/24/2024,"1,547"
3/25/2024,"122,679"
3/25/2024,"17,550"
3/25/2024,"1,050"
3/25/2024,"6,067"
3/25/2024,"48,256"
3/25/2024,"5,063"
3/25/2024,"1,547"
3/26/2024,"15,337"
3/26/2024,"37,709"
3/26/2024,"42,731"
3/26/2024,"5,063"
3/26/2024,"7,574"
3/26/2024,"4,580"
3/26/2024,"2,063"
3/27/2024,"29,673"
3/27/2024,"77,387"
3/27/2024,"13,667"
3/27/2024,"1,045"
3/28/2024,"42,731"
3/28/2024,"5,063"
3/28/2024,"5,063"
3/28/2024,"24,149"
3/28/2024,"2,063"
3/28/2024,"1,547"
3/28/2024,"4,580"
3/28/2024,"2,063"
3/30/2024,"7,574"
3/30/2024,"1,547"
3/31/2024,"5,063"
3/31/2024,"1,045"
4/1/2024,"1,045"
4/1/2024,"1,045"
4/1/2024,"1,045"
4/2/2024,"1,045"
4/2/2024,"5,063"
4/2/2024,"28,166"
4/2/2024,"5,063"
4/3/2024,"5,063"
4/3/2024,"5,063"
4/3/2024,"5,063"
4/4/2024,"37,709"
4/4/2024,"18,149"
4/4/2024,"9,981"
4/4/2024,"5,063"
4/4/2024,"1,045"
4/5/2024,"7,574"
4/5/2024,"6,067"
4/5/2024,"7,574"
4/6/2024,"1,045"
4/6/2024,"1,045"
4/6/2024,"1,045"
4/6/2024,"1,045"
4/6/2024,"7,223"
4/7/2024,"1,045"
4/7/2024,"7,574"
4/7/2024,"1,547"
4/7/2024,"1,045"
4/8/2024,"3,651"
4/8/2024,"1,547"
4/8/2024,"5,063"
4/8/2024,"1,547"
4/9/2024,"30,325"
4/9/2024,"7,574"
4/9/2024,"396,692"
4/9/2024,"8,176"
4/9/2024,"1,045"
4/9/2024,"7,574"
4/10/2024,"5,063"
4/10/2024,"2,063"
4/10/2024,"5,063"
4/11/2024,"7,574"
4/11/2024,"1,045"
4/11/2024,"5,063"
4/11/2024,"1,547"
4/11/2024,"1,045"
4/11/2024,"9,239"
4/11/2024,"1,547"
4/11/2024,"1,547"
4/12/2024,"5,063"
4/12/2024,"5,063"
4/12/2024,"5,063"
4/12/2024,"33,434"
4/12/2024,"2,063"
4/12/2024,"5,063"
4/13/2024,"2,063"
4/13/2024,"1,547"
4/13/2024,"1,045"
4/13/2024,"1,045"
4/13/2024,"1,045"
4/13/2024,"1,045"
4/14/2024,"2,063"
4/14/2024,"2,063"
4/14/2024,"4,580"
4/14/2024,"1,045"
4/14/2024,"1,045"
4/14/2024,"5,063"
4/15/2024,"1,045"
4/15/2024,"1,045"
4/15/2024,"5,063"
4/15/2024,"1,045"
4/15/2024,"1,045"
4/15/2024,"44,238"
4/15/2024,"1,547"
4/16/2024,"1,045"
4/16/2024,"7,574"
4/16/2024,"4,580"
4/16/2024,"4,580"
4/16/2024,"6,067"
4/16/2024,"1,050"
4/17/2024,"29,045"
4/17/2024,"1,045"
4/17/2024,"1,547"
4/18/2024,"30,175"
4/18/2024,"1,045"
4/18/2024,"4,580"
4/18/2024,"1,045"
4/18/2024,"6,067"
4/18/2024,"1,547"
4/19/2024,"6,067"
4/19/2024,"1,045"
4/19/2024,"7,574"
4/19/2024,"14,725"
4/19/2024,"20,101"
4/19/2024,"47,754"
4/19/2024,"1,045"
4/20/2024,"1,045"
4/20/2024,"1,045"
4/20/2024,"5,063"
4/20/2024,"1,045"
4/20/2024,"30,322"
4/20/2024,"5,063"
4/21/2024,"5,063"
4/21/2024,"1,045"
4/21/2024,"5,063"
4/22/2024,"5,063"
4/22/2024,"138,409"
4/23/2024,"1,547"
4/23/2024,"1,045"
4/23/2024,"52,776"
4/23/2024,"2,063"
4/24/2024,"201,945"
4/24/2024,"16,200"
4/24/2024,"5,063"
4/24/2024,"1,547"
4/24/2024,"7,574"
4/25/2024,"5,063"
4/25/2024,"1,045"
4/25/2024,"5,063"
4/26/2024,"5,063"
4/26/2024,"1,045"
4/26/2024,"1,045"
4/26/2024,"11,219"
4/26/2024,"4,580"
4/27/2024,"5,063"
4/27/2024,"1,547"
4/27/2024,"1,045"
4/28/2024,"1,547"
4/29/2024,"5,063"
4/29/2024,"77,311"
4/29/2024,"1,547"
4/29/2024,"1,045"
4/29/2024,"5,063"
4/29/2024,"7,574"
4/30/2024,"1,045"
4/30/2024,"78,391"
4/30/2024,"2,063"
4/30/2024,"1,045"
4/30/2024,"5,063"
4/30/2024,"5,063"
4/30/2024,"3,651"
4/30/2024,"5,665"
5/1/2024,"5,063"
5/1/2024,"1,045"
5/1/2024,"2,063"
5/1/2024,"6,067"
5/1/2024,"5,063"
5/2/2024,"1,045"
5/2/2024,"5,063"
5/3/2024,"5,063"
5/3/2024,"1,045"
5/3/2024,"5,063"
5/3/2024,"5,063"
5/4/2024,"5,665"
5/4/2024,"9,583"
5/6/2024,"1,045"
5/6/2024,"5,063"
5/6/2024,"5,063"
5/6/2024,"1,045"
5/6/2024,"5,063"
5/7/2024,"1,045"
5/7/2024,"1,045"
5/7/2024,"5,063"
5/7/2024,"1,547"
5/7/2024,"1,547"
5/8/2024,"1,045"
5/8/2024,"1,045"
5/8/2024,"7,574"
5/9/2024,"59,808"
5/9/2024,"25,152"
5/9/2024,"5,063"
5/9/2024,"1,045"
5/10/2024,"5,063"
5/10/2024,"5,063"
5/10/2024,"4,580"
5/10/2024,"1,045"
5/10/2024,"1,045"
5/10/2024,"1,045"
5/11/2024,"2,070"
5/11/2024,"5,063"
5/11/2024,"9,081"
5/11/2024,"7,574"
5/11/2024,"1,547"
5/11/2024,"5,063"
5/11/2024,"5,063"
5/12/2024,"1,045"
5/12/2024,"5,063"
5/12/2024,"2,063"
5/12/2024,"1,045"
5/13/2024,"1,547"
5/13/2024,"5,063"
5/13/2024,"1,045"
5/13/2024,"1,045"
5/13/2024,"5,063"
5/14/2024,"5,063"
5/14/2024,"1,045"
5/14/2024,"1,547"
5/14/2024,"10,961"
5/14/2024,"2,063"
5/14/2024,"2,063"
5/14/2024,"1,045"
5/14/2024,"1,045"
5/15/2024,"1,045"
5/15/2024,"5,063"
5/15/2024,"5,063"
5/15/2024,"7,574"
5/15/2024,"1,045"
5/16/2024,"130,625"
5/16/2024,"9,583"
5/16/2024,"10,126"
5/16/2024,"1,045"
5/16/2024,"5,063"
5/16/2024,"5,063"
5/16/2024,"1,045"
5/17/2024,"1,045"
5/17/2024,"4,580"
5/17/2024,"5,063"
5/17/2024,"112,544"
5/17/2024,"5,665"
5/18/2024,"1,045"
5/18/2024,"5,063"
5/18/2024,"5,063"
5/18/2024,"5,063"
5/18/2024,"4,580"
5/19/2024,"1,045"
5/19/2024,"1,547"
5/19/2024,"1,050"
5/19/2024,"1,045"
5/20/2024,"7,574"
5/20/2024,"1,045"
5/20/2024,"1,045"
5/21/2024,"1,045"
5/21/2024,"1,547"
5/21/2024,"7,574"
5/21/2024,"1,045"
5/21/2024,"7,574"
5/21/2024,"5,063"
5/21/2024,"3,420"
5/22/2024,"2,065"
5/22/2024,"1,547"
5/23/2024,"1,045"
5/23/2024,"1,547"
5/23/2024,"7,574"
5/23/2024,"5,063"
5/23/2024,"7,574"
5/24/2024,"1,045"
5/24/2024,"2,063"
5/24/2024,"136,652"
5/24/2024,"5,063"
5/24/2024,"1,547"
5/24/2024,"5,063"
5/24/2024,"7,574"
5/25/2024,"4,580"
5/25/2024,"2,063"
5/26/2024,"7,574"
5/26/2024,"7,574"
5/26/2024,"5,063"
5/26/2024,"5,063"
5/26/2024,"4,580"
5/27/2024,"5,063"
5/27/2024,"7,574"
5/27/2024,"5,063"
5/27/2024,"5,063"
5/27/2024,"1,045"
5/28/2024,"1,547"
5/28/2024,"5,771"
5/28/2024,"1,547"
5/28/2024,"1,547"
5/28/2024,"79,898"
5/28/2024,"2,063"
5/28/2024,"5,063"
5/29/2024,"1,045"
5/29/2024,"2,063"
5/29/2024,"5,063"
5/29/2024,"5,063"
5/29/2024,"1,045"
5/29/2024,"1,045"
5/30/2024,"32,686"
5/30/2024,"5,063"
5/30/2024,"1,045"
5/30/2024,"1,045"
5/31/2024,"1,045"
5/31/2024,"1,045"
5/31/2024,"1,547"
5/31/2024,"7,574"
5/31/2024,"1,045"
5/31/2024,"1,045"
5/31/2024,"5,063"
6/1/2024,"1,045"
6/1/2024,"5,063"
6/1/2024,"7,574"
6/1/2024,"5,063"
6/2/2024,"5,063"
6/3/2024,"5,063"
6/3/2024,"5,063"
6/3/2024,"1,045"
6/3/2024,"1,547"
6/3/2024,"1,045"
6/3/2024,"1,547"
6/4/2024,"1,045"
6/4/2024,"5,063"
6/4/2024,"5,063"
6/4/2024,"7,574"
6/4/2024,"41,988"
6/5/2024,"5,063"
6/5/2024,"5,665"
6/5/2024,"8,176"
6/5/2024,"7,574"
6/5/2024,"5,063"
6/5/2024,"7,574"
6/6/2024,"9,082"
6/6/2024,"4,580"
6/6/2024,"1,547"
6/6/2024,"1,045"
6/6/2024,"5,063"
6/6/2024,"44,230"
6/7/2024,"5,063"
6/7/2024,"32,687"
6/7/2024,"3,651"
6/8/2024,"1,045"
6/8/2024,"1,045"
6/8/2024,"1,045"
6/8/2024,"1,045"
6/9/2024,"1,045"
6/9/2024,"1,045"
6/10/2024,"1,045"
6/10/2024,"2,063"
6/10/2024,"7,775"
6/10/2024,"1,045"
6/10/2024,"5,000"
6/10/2024,"7,574"
6/11/2024,"6,570"
6/11/2024,"7,574"
6/11/2024,"7,574"
6/11/2024,"32,686"
6/11/2024,"1,045"
6/11/2024,"2,063"
6/11/2024,"2,063"
6/11/2024,"22,641"
6/11/2024,"39,037"
6/11/2024,"7,574"
6/12/2024,"8,579"
6/12/2024,"1,045"
6/12/2024,"45,500"
6/12/2024,"2,064"
6/13/2024,"7,574"
6/13/2024,"42,229"
6/13/2024,"50,516"
6/13/2024,"1,045"
6/13/2024,"2,063"
6/13/2024,"4,580"
6/13/2024,"1,547"
6/13/2024,"1,045"
6/13/2024,"2,063"
6/14/2024,"1,045"
6/14/2024,"1,045"
6/14/2024,"65,332"
6/14/2024,"139,006"
6/14/2024,"5,063"
6/14/2024,"1,045"
6/14/2024,"3,600"
6/15/2024,"1,547"
6/15/2024,"3,652"
6/15/2024,"1,045"
6/16/2024,"1,045"
6/16/2024,"1,045"
6/16/2024,"1,045"
6/17/2024,"1,045"
6/17/2024,"44,489"
6/17/2024,"12,094"
6/17/2024,"7,574"
6/18/2024,"60,310"
6/18/2024,"401,000"
6/18/2024,"1,045"
6/18/2024,"1,050"
6/18/2024,"5,063"
6/18/2024,"1,547"
6/19/2024,"7,574"
6/19/2024,"7,574"
6/19/2024,"4,570"
6/19/2024,"1,547"
6/19/2024,"1,045"
6/19/2024,"7,574"
6/19/2024,"5,063"
6/19/2024,"1,045"
6/19/2024,"1,045"
6/20/2024,"2,063"
6/20/2024,"7,574"
6/20/2024,"5,063"
6/20/2024,"1,045"
6/20/2024,"7,574"
6/20/2024,"1,045"
6/20/2024,"330,018"
6/20/2024,"44,470"
6/20/2024,"7,574"
6/20/2024,"5,063"
6/21/2024,"48,256"
6/21/2024,"103,370"
6/21/2024,"5,063"
6/21/2024,"1,045"
6/21/2024,"1,045"
6/21/2024,"7,574"
6/21/2024,"12,045"
6/22/2024,"45,242"
6/22/2024,"1,045"
6/22/2024,"1,045"
6/22/2024,"7,574"
6/22/2024,"1,045"
6/22/2024,"1,045"
6/23/2024,"5,063"
6/24/2024,"1,045"
6/24/2024,"1,045"
6/24/2024,"36,023"
6/25/2024,"10,192"
6/25/2024,"1,045"
6/25/2024,"1,045"
6/25/2024,"7,574"
6/25/2024,"1,045"
6/25/2024,"1,045"
6/26/2024,"1,045"
6/26/2024,"2,063"
6/26/2024,"5,063"
6/26/2024,563
6/27/2024,"47,151"
6/27/2024,"2,063"
6/27/2024,"5,063"
6/28/2024,"67,212"
6/28/2024,"5,063"
6/28/2024,"1,547"
6/28/2024,"1,045"
6/28/2024,"1,547"
6/28/2024,"2,090"
6/28/2024,"1,045"
6/28/2024,"5,063"
6/29/2024,"1,045"
6/29/2024,"2,063"
6/29/2024,"1,547"
6/29/2024,"1,045"
6/30/2024,"75,126"
6/30/2024,"80,451"
7/1/2024,"1,045"
7/1/2024,"5,063"
7/1/2024,"5,063"
7/1/2024,"7,574"
7/1/2024,"56,091"
7/1/2024,"1,045"
7/1/2024,"7,574"
7/1/2024,"1,547"
7/2/2024,"5,063"
7/2/2024,"1,045"
7/2/2024,"7,574"
7/2/2024,"112,418"
7/2/2024,"68,673"
7/2/2024,"51,270"
7/2/2024,"53,881"
7/2/2024,"5,063"
7/2/2024,"1,547"
7/3/2024,"1,045"
7/3/2024,"70,355"
7/3/2024,"5,665"
7/3/2024,"1,045"
7/3/2024,"7,574"
7/4/2024,"1,045"
7/4/2024,"1,045"
7/4/2024,"5,063"
7/4/2024,"35,032"
7/4/2024,"1,045"
7/4/2024,"3,691"
7/5/2024,"37,964"
7/5/2024,"9,583"
7/5/2024,"81,763"
7/5/2024,"5,063"
7/5/2024,"1,045"
7/6/2024,"1,045"
7/6/2024,"1,045"
7/7/2024,"1,547"
7/7/2024,"7,574"
7/7/2024,"5,063"
7/8/2024,"5,063"
7/8/2024,"1,045"
7/8/2024,"1,045"
7/8/2024,"3,651"
7/8/2024,"59,306"
7/8/2024,"5,063"
7/9/2024,"1,045"
7/9/2024,"3,050"
7/9/2024,"7,574"
7/9/2024,"7,574"
7/9/2024,"2,063"
7/9/2024,"7,574"
7/10/2024,"7,574"
7/10/2024,"7,574"
7/10/2024,"5,063"
7/10/2024,"1,045"
7/10/2024,"7,574"
7/10/2024,"5,063"
7/11/2024,"44,059"
7/11/2024,"2,063"
7/11/2024,"2,063"
7/11/2024,"7,574"
7/11/2024,"1,547"
7/11/2024,"7,475"
7/12/2024,"1,045"
7/12/2024,"1,045"
7/12/2024,"5,063"
7/12/2024,"1,547"
7/12/2024,"5,063"
7/12/2024,"2,063"
7/12/2024,"7,574"
7/13/2024,"1,045"
7/13/2024,"1,045"
7/13/2024,"9,583"
7/13/2024,"1,547"
7/14/2024,"54,232"
7/14/2024,"1,045"
7/14/2024,"1,045"
7/14/2024,"1,045"
7/14/2024,"2,063"
7/15/2024,"1,045"
7/15/2024,"1,045"
7/15/2024,"1,547"
7/15/2024,"7,475"
7/15/2024,"73,000"
7/15/2024,"1,045"
7/16/2024,"1,045"
7/16/2024,"120,580"
7/16/2024,"7,574"
7/16/2024,"20,130"
7/16/2024,"1,045"
7/16/2024,"60,310"
7/16/2024,"1,045"
7/17/2024,"7,574"
7/17/2024,"7,574"
7/17/2024,"1,547"
7/17/2024,"5,063"
7/17/2024,"1,045"
7/18/2024,"7,574"
7/18/2024,"2,063"
7/18/2024,"36,890"
7/18/2024,"1,045"
7/18/2024,"1,045"
7/18/2024,"1,547"
7/19/2024,"1,045"
7/19/2024,"39,717"
7/19/2024,"1,045"
7/19/2024,"36,407"
7/19/2024,"7,574"
7/20/2024,"1,045"
7/20/2024,"1,045"
7/20/2024,"1,045"
7/21/2024,"1,045"
7/21/2024,"1,045"
7/21/2024,"1,045"
7/21/2024,"1,045"
7/21/2024,"7,574"
7/21/2024,"1,045"
7/21/2024,"22,642"
7/21/2024,"82,000"
7/21/2024,"1,045"
7/21/2024,"9,583"
7/22/2024,"1,045"
7/23/2024,"5,063"
7/23/2024,"105,513"
7/23/2024,"1,045"
7/23/2024,"5,063"
7/23/2024,"36,552"
7/23/2024,"7,574"
7/24/2024,"3,556"
7/24/2024,"1,045"
7/24/2024,"1,547"
7/24/2024,"1,045"
7/24/2024,"1,045"
7/24/2024,"1,547"
7/25/2024,"7,574"
7/25/2024,"1,547"
7/25/2024,"51,120"
7/25/2024,"1,547"
7/25/2024,"1,045"
7/25/2024,"1,045"
7/26/2024,"1,045"
7/26/2024,"9,583"
7/26/2024,"29,879"
7/26/2024,"1,045"
7/26/2024,"1,045"
7/27/2024,"1,045"
7/27/2024,"54,283"
7/28/2024,"7,574"
7/28/2024,"7,574"
7/28/2024,"51,270"
7/29/2024,"7,574"
7/29/2024,"42,868"
7/29/2024,"1,045"
7/29/2024,"5,063"
7/29/2024,"32,687"
7/30/2024,"5,063"
7/30/2024,"51,270"
7/30/2024,"2,063"
7/30/2024,"20,130"
7/30/2024,"1,547"
7/31/2024,"1,045"
7/31/2024,"36,816"
7/31/2024,"1,045"
7/31/2024,"1,547"
7/31/2024,"1,045"
7/31/2024,"2,064"
7/31/2024,"7,574"
8/1/2024,"1,045"
8/1/2024,"1,045"
8/1/2024,"9,583"
8/1/2024,"1,045"
8/1/2024,"5,063"
8/1/2024,"35,652"
8/1/2024,"1,045"
8/1/2024,"7,574"
8/1/2024,"7,574"
8/1/2024,"3,691"
8/2/2024,"7,574"
8/2/2024,"7,574"
8/2/2024,"92,328"
8/2/2024,"7,574"
8/2/2024,"9,587"
8/2/2024,"5,063"
8/2/2024,"7,574"
8/2/2024,"63,322"
8/2/2024,"92,287"
8/2/2024,"1,045"
8/3/2024,"1,045"
8/3/2024,"1,045"
8/3/2024,"1,045"
8/3/2024,"1,045"
8/3/2024,"2,066"
8/3/2024,"1,547"
8/3/2024,"1,045"
8/4/2024,"1,045"
8/4/2024,"1,547"
8/4/2024,"7,574"
8/5/2024,"37,206"
8/5/2024,"7,574"
8/5/2024,"37,206"
8/5/2024,"1,045"
8/5/2024,"1,045"
8/5/2024,"5,063"
8/6/2024,"1,045"
8/6/2024,"5,063"
8/6/2024,"1,045"
8/6/2024,"12,094"
8/6/2024,"1,045"
8/6/2024,"1,045"
8/7/2024,"37,861"
8/7/2024,"38,211"
8/7/2024,"1,547"
8/7/2024,"1,045"
8/7/2024,"1,045"
8/8/2024,"1,045"
8/8/2024,"1,045"
8/8/2024,"5,063"
8/8/2024,"7,574"
8/9/2024,"1,045"
8/9/2024,"1,045"
8/9/2024,"1,045"
8/9/2024,"9,582"
8/9/2024,"31,695"
8/10/2024,"1,045"
8/10/2024,"1,045"
8/10/2024,"1,045"
8/11/2024,"7,574"
8/11/2024,"1,045"
8/12/2024,"2,063"
8/12/2024,"66,802"
8/12/2024,"1,547"
8/12/2024,"1,045"
8/12/2024,"52,274"
8/12/2024,"7,574"
8/13/2024,"1,045"
8/13/2024,"1,045"
8/13/2024,"1,045"
8/13/2024,"2,063"
8/13/2024,"2,064"
8/13/2024,"1,045"
8/13/2024,"1,045"
8/13/2024,"5,063"
8/13/2024,"1,045"
8/14/2024,"2,063"
8/14/2024,"35,197"
8/14/2024,"5,063"
8/14/2024,"1,045"
8/15/2024,"1,045"
8/15/2024,"1,045"
8/15/2024,"56,646"
8/15/2024,"5,063"
8/15/2024,"1,547"
8/15/2024,"4,580"
8/15/2024,"7,574"
8/16/2024,"32,686"
8/16/2024,"261,210"
8/16/2024,"1,045"
8/16/2024,"7,574"
8/16/2024,"4,000"
8/16/2024,"1,045"
8/17/2024,"12,094"
8/17/2024,"1,547"
8/17/2024,"52,274"
8/17/2024,"1,045"
8/17/2024,"1,045"
8/17/2024,"1,547"
8/17/2024,"1,547"
8/17/2024,"1,045"
8/18/2024,"79,396"
8/18/2024,"1,045"
8/18/2024,"1,045"
8/19/2024,"7,574"
8/19/2024,"1,045"
8/19/2024,"1,045"
8/19/2024,"2,063"
8/19/2024,"1,045"
8/19/2024,"1,045"
8/20/2024,"1,045"
8/20/2024,"1,045"
8/20/2024,"9,583"
8/20/2024,"7,574"
8/20/2024,"5,063"
8/21/2024,"5,063"
8/21/2024,"1,045"
8/21/2024,"7,574"
8/21/2024,"1,045"
8/21/2024,"1,045"
8/21/2024,"15,108"
8/22/2024,"5,063"
8/22/2024,"5,063"
8/22/2024,"5,063"
8/22/2024,"37,708"
8/22/2024,"53,278"
8/22/2024,"5,063"
8/23/2024,"7,574"
8/23/2024,"1,045"
8/23/2024,"68,696"
8/23/2024,"1,045"
8/23/2024,"5,063"
8/23/2024,"5,063"
8/23/2024,"1,045"
8/23/2024,"5,063"
8/24/2024,"1,045"
8/24/2024,"7,574"
8/24/2024,"76,550"
8/24/2024,"1,045"
8/24/2024,"7,574"
8/25/2024,"7,574"
8/25/2024,"1,045"
8/25/2024,"5,063"
8/26/2024,"7,574"
8/26/2024,"1,045"
8/26/2024,"5,063"
8/26/2024,"7,574"
8/26/2024,"1,045"
8/26/2024,"5,063"
8/26/2024,"1,547"
8/27/2024,"25,152"
8/27/2024,"7,574"
8/27/2024,"1,045"
8/27/2024,"5,063"
8/27/2024,"1,547"
8/27/2024,"3,691"
8/27/2024,"1,045"
8/28/2024,"1,045"
8/28/2024,"35,197"
8/28/2024,"53,982"
8/28/2024,"5,063"
8/28/2024,"9,583"
8/28/2024,"7,574"
8/29/2024,"1,045"
8/29/2024,"1,045"
8/29/2024,"1,045"
8/29/2024,"1,045"
8/29/2024,"1,045"
8/29/2024,"1,045"
8/30/2024,"7,574"
8/30/2024,"2,063"
8/30/2024,"7,574"
8/30/2024,"5,063"
8/30/2024,"19,197"
8/30/2024,"5,063"
8/30/2024,"5,063"
8/30/2024,"47,251"
8/30/2024,"1,045"
8/30/2024,"1,045"
8/31/2024,"1,045"
8/31/2024,"1,045"
8/31/2024,"1,045"
8/31/2024,"2,063"
8/31/2024,"1,045"
8/31/2024,"5,063"
9/1/2024,"1,045"
9/1/2024,"1,045"
9/1/2024,"1,045"
9/1/2024,"1,045"
9/1/2024,"1,045"
9/2/2024,"7,574"
9/2/2024,"1,045"
9/2/2024,"1,045"
9/2/2024,"7,574"
9/2/2024,"1,045"
9/2/2024,"1,045"
9/3/2024,"5,063"
9/3/2024,"1,547"
9/3/2024,"7,574"
9/3/2024,"2,063"
9/3/2024,"5,063"
9/3/2024,743
9/3/2024,"1,547"
9/3/2024,"1,045"
9/3/2024,"2,064"
9/3/2024,"38,359"
9/4/2024,"3,561"
9/4/2024,"1,045"
9/4/2024,"44,616"
9/4/2024,"1,045"
9/4/2024,"1,045"
9/4/2024,"5,063"
9/4/2024,"7,574"
9/4/2024,"1,045"
9/5/2024,"7,574"
9/5/2024,"2,063"
9/5/2024,"5,063"
9/5/2024,"1,045"
9/5/2024,"9,581"
9/5/2024,"1,547"
9/5/2024,"1,045"
9/5/2024,"1,547"
9/5/2024,"5,063"
9/5/2024,"5,063"
9/6/2024,"3,551"
9/6/2024,"1,045"
9/6/2024,"84,848"
9/6/2024,"1,547"
9/6/2024,"1,547"
9/6/2024,"1,547"
9/6/2024,"1,547"
9/6/2024,"1,547"
9/6/2024,"7,574"
9/6/2024,"1,547"
9/6/2024,"1,547"
9/6/2024,"1,547"
9/7/2024,"1,547"
9/7/2024,"1,547"
9/7/2024,"1,547"
9/7/2024,"7,574"
9/7/2024,"1,547"
9/8/2024,"1,547"
9/8/2024,"7,574"
9/8/2024,"1,547"
9/9/2024,"1,045"
9/9/2024,"1,045"
9/9/2024,"1,547"
9/9/2024,"1,045"
9/10/2024,"7,574"
9/10/2024,"2,063"
9/10/2024,"1,045"
9/10/2024,"117,566"
9/10/2024,743
9/10/2024,"1,045"
9/11/2024,"7,574"
9/11/2024,743
9/11/2024,"1,547"
9/11/2024,"1,045"
9/11/2024,743
9/11/2024,"2,065"
9/11/2024,"7,574"
9/12/2024,"3,584"
9/12/2024,"1,045"
9/12/2024,"109,208"
9/12/2024,"1,045"
9/12/2024,"1,045"
9/12/2024,"64,138"
9/12/2024,"75,474"
9/13/2024,"1,045"
9/13/2024,"5,063"
9/13/2024,"1,045"
9/13/2024,"1,045"
9/13/2024,"1,045"
9/13/2024,"1,547"
9/13/2024,"50,265"
9/13/2024,"2,063"
9/13/2024,"4,580"
9/13/2024,"1,045"
9/14/2024,"1,045"
9/14/2024,"5,063"
9/14/2024,"5,063"
9/14/2024,"5,063"
9/14/2024,"7,574"
9/14/2024,743
9/14/2024,"1,045"
9/14/2024,"2,065"
9/15/2024,"1,040"
9/15/2024,"1,045"
9/15/2024,"1,045"
9/15/2024,"7,574"
9/15/2024,"1,045"
9/16/2024,"1,045"
9/16/2024,"5,063"
9/16/2024,"1,045"
9/16/2024,743
9/16/2024,"108,526"
9/17/2024,"1,045"
9/17/2024,"7,574"
9/17/2024,"48,256"
9/17/2024,"1,045"
9/17/2024,"1,045"
9/17/2024,"1,045"
9/17/2024,"1,045"
9/17/2024,"7,574"
9/17/2024,"7,574"
9/18/2024,"7,574"
9/18/2024,"32,686"
9/18/2024,"5,063"
9/18/2024,"5,063"
9/18/2024,"5,063"
9/18/2024,"1,045"
9/18/2024,"7,574"
9/18/2024,"5,063"
9/19/2024,"1,547"
9/19/2024,"38,336"
9/19/2024,"7,574"
9/19/2024,"7,574"
9/19/2024,"7,574"
9/19/2024,"109,279"
9/19/2024,"48,256"
9/19/2024,"112,544"
9/19/2024,"1,045"
9/20/2024,"1,045"
9/20/2024,"5,063"
9/20/2024,"42,731"
9/20/2024,"52,613"
9/20/2024,"1,045"
9/20/2024,"58,468"
9/20/2024,"1,045"
9/20/2024,"1,547"
9/20/2024,"1,045"
9/20/2024,"1,045"
9/20/2024,"7,574"
9/20/2024,"1,045"
9/20/2024,"1,547"
9/21/2024,"7,574"
9/21/2024,"5,063"
9/21/2024,"1,045"
9/22/2024,"41,827"
9/23/2024,"1,547"
9/23/2024,"7,574"
9/23/2024,"1,045"
9/23/2024,"40,721"
9/23/2024,"7,574"
9/24/2024,"3,580"
9/24/2024,"1,045"
9/24/2024,"143,684"
9/24/2024,"7,574"
9/24/2024,"5,063"
9/24/2024,"5,063"
9/25/2024,"5,063"
9/25/2024,"1,045"
9/25/2024,"1,045"
9/25/2024,"1,045"
9/25/2024,"1,045"
9/25/2024,"1,045"
9/25/2024,"1,045"
9/25/2024,"56,292"
9/25/2024,"1,045"
9/26/2024,"1,045"
9/26/2024,"7,574"
9/26/2024,"48,256"
9/26/2024,"1,045"
9/26/2024,"1,045"
9/26/2024,"1,045"
9/26/2024,"1,045"
9/26/2024,"1,045"
9/26/2024,"7,574"
9/26/2024,"7,574"
9/27/2024,"1,045"
9/27/2024,"1,547"
9/27/2024,"1,045"
9/27/2024,"7,574"
9/27/2024,"1,045"
9/27/2024,"51,342"
9/27/2024,"20,474"
9/27/2024,"31,110"
9/27/2024,"1,045"
9/27/2024,"1,045"
9/27/2024,"1,547"
9/28/2024,"2,063"
9/28/2024,"7,574"
9/29/2024,"1,045"
9/29/2024,"7,574"
9/29/2024,"1,045"
9/29/2024,"5,063"
9/29/2024,"1,045"
9/29/2024,"1,045"
9/30/2024,"7,574"
9/30/2024,"1,045"
9/30/2024,"7,574"
9/30/2024,"2,063"
9/30/2024,"1,045"
9/30/2024,"1,045"
9/30/2024,"1,045"
9/30/2024,"5,063"
9/30/2024,"32,132"
9/30/2024,"5,063"
9/30/2024,"7,574"
9/30/2024,"1,045"
9/30/2024,"1,045"
9/30/2024,"1,045"
9/30/2024,"1,045"
9/30/2024,"119,073"
10/1/2024,"1,045"
10/1/2024,"1,045"
10/1/2024,"1,045"
10/1/2024,"42,500"
10/1/2024,"7,574"
10/1/2024,"7,574"
10/1/2024,"1,045"
10/2/2024,"1,045"
10/2/2024,"1,045"
10/2/2024,"2,063"
10/2/2024,"2,063"
10/2/2024,"1,045"
10/2/2024,"1,045"
10/2/2024,"85,472"
10/2/2024,"1,547"
10/2/2024,"1,045"
10/3/2024,"1,045"
10/3/2024,"5,063"
10/3/2024,743
10/3/2024,"1,045"
10/3/2024,"1,045"
10/3/2024,"7,574"
10/3/2024,"1,045"
10/4/2024,"1,045"
10/4/2024,"1,045"
10/4/2024,"2,063"
10/4/2024,"1,045"
10/4/2024,"7,574"
10/4/2024,"1,045"
10/4/2024,"1,050"
10/4/2024,"7,574"
10/4/2024,"7,574"
10/4/2024,"48,256"
10/4/2024,"1,045"
10/4/2024,"12,094"
10/5/2024,"7,574"
10/5/2024,"5,063"
10/5/2024,"1,045"
10/5/2024,"1,045"
10/5/2024,"1,045"
10/6/2024,"1,045"
10/6/2024,"30,367"
10/6/2024,"1,045"
10/6/2024,"1,045"
10/7/2024,"1,045"
10/7/2024,"1,045"
10/7/2024,"1,045"
10/7/2024,"3,053"
10/7/2024,"29,407"
10/8/2024,"1,045"
10/8/2024,"1,045"
10/8/2024,"1,045"
10/8/2024,"5,054"
10/8/2024,"5,053"
10/8/2024,"54,283"
10/8/2024,"7,574"
10/8/2024,"1,045"
10/9/2024,"1,045"
10/9/2024,"78,391"
10/9/2024,"1,045"
10/9/2024,"1,045"
10/9/2024,"2,500"
10/9/2024,"7,574"
10/9/2024,"1,547"
10/10/2024,743
10/10/2024,"1,045"
10/10/2024,"1,045"
10/10/2024,"147,701"
10/10/2024,"7,574"
10/11/2024,"1,045"
10/11/2024,"5,063"
10/11/2024,"2,063"
10/11/2024,743
10/11/2024,"1,045"
10/11/2024,"1,045"
10/11/2024,"2,063"
10/11/2024,"1,045"
10/11/2024,"5,063"
10/12/2024,"7,574"
10/12/2024,"7,574"
10/12/2024,743
10/12/2024,"9,583"
10/13/2024,"35,197"
10/13/2024,"2,063"
10/13/2024,"1,547"
10/14/2024,"2,065"
10/14/2024,"1,547"
10/14/2024,"1,547"
10/14/2024,"1,547"
10/14/2024,"1,045"
10/14/2024,"5,063"
10/15/2024,"1,045"
10/15/2024,"1,045"
10/15/2024,"1,045"
10/15/2024,"2,063"
10/15/2024,"42,000"
10/15/2024,"74,858"
10/15/2024,"5,063"
10/15/2024,"1,045"
10/16/2024,"1,045"
10/16/2024,"7,574"
10/16/2024,"7,574"
10/16/2024,"37,708"
10/16/2024,"1,045"
10/16/2024,"1,045"
10/16/2024,"1,045"
10/17/2024,"1,045"
10/17/2024,"1,045"
10/17/2024,"1,547"
10/17/2024,"9,583"
10/17/2024,"1,045"
10/17/2024,"1,045"
10/17/2024,"1,547"
10/17/2024,"12,063"
10/17/2024,"1,045"
10/17/2024,"5,063"
10/18/2024,"2,063"
10/18/2024,"1,045"
10/18/2024,"1,045"
10/18/2024,"1,045"
10/18/2024,"5,063"
10/18/2024,"7,574"
10/18/2024,"7,574"
10/18/2024,"1,045"
10/18/2024,"1,547"
10/18/2024,"5,063"
10/19/2024,"1,045"
10/19/2024,"7,574"
10/19/2024,"7,574"
10/19/2024,"1,045"
10/20/2024,"5,063"
10/20/2024,"5,063"
10/21/2024,"1,045"
10/21/2024,"1,045"
10/21/2024,"5,063"
10/21/2024,"32,686"
10/21/2024,"1,547"
10/22/2024,"1,045"
10/22/2024,"7,574"
10/22/2024,"7,574"
10/23/2024,"1,045"
10/23/2024,743
10/23/2024,"1,045"
10/23/2024,"7,574"
10/23/2024,"1,045"
10/24/2024,"1,045"
10/24/2024,"1,045"
10/24/2024,"7,574"
10/24/2024,"1,045"
10/24/2024,"5,063"
10/24/2024,"39,008"
10/24/2024,"5,063"
10/24/2024,"63,323"
10/24/2024,"1,045"
10/24/2024,"1,045"
10/25/2024,"1,045"
10/25/2024,"7,574"
10/25/2024,"5,063"
10/25/2024,"1,045"
10/25/2024,"5,063"
10/25/2024,"1,045"
10/26/2024,"1,045"
10/26/2024,"1,045"
10/26/2024,"1,547"
10/26/2024,"12,100"
10/26/2024,"5,063"
10/26/2024,"1,045"
10/26/2024,"1,547"
10/26/2024,"7,574"
10/26/2024,"1,045"
10/26/2024,"7,574"
10/27/2024,"1,045"
10/27/2024,"44,238"
10/27/2024,"56,292"
10/27/2024,"48,256"
10/27/2024,"7,574"
10/27/2024,"1,045"
10/28/2024,"1,045"
10/28/2024,"5,063"
10/28/2024,"1,045"
10/28/2024,"1,045"
10/28/2024,"1,547"
10/28/2024,"1,045"
10/28/2024,"1,045"
10/28/2024,"1,045"
10/28/2024,"7,574"
10/29/2024,"1,045"
10/29/2024,"55,287"
10/29/2024,"5,063"
10/29/2024,"1,045"
10/29/2024,"1,045"
10/29/2024,"1,045"
10/29/2024,"5,063"
10/29/2024,"1,045"
10/29/2024,"1,045"
10/29/2024,"1,045"
10/29/2024,"1,045"
10/29/2024,"1,045"
10/29/2024,"2,063"
10/30/2024,"7,574"
10/30/2024,"1,045"
10/30/2024,"7,574"
10/30/2024,743
10/30/2024,"1,045"
10/30/2024,"1,045"
10/30/2024,"1,045"
10/31/2024,"1,045"
10/31/2024,"1,045"
10/31/2024,"1,045"
10/31/2024,"1,045"
10/31/2024,"1,045"
10/31/2024,"5,063"
10/31/2024,"2,064"
10/31/2024,"1,045"
10/31/2024,"1,547"
11/1/2024,"42,732"
11/1/2024,"7,574"
11/1/2024,"7,574"
11/1/2024,"1,045"
11/1/2024,"1,045"
11/2/2024,"2,063"
11/2/2024,"7,574"
11/2/2024,"1,045"
11/2/2024,"220,276"
11/2/2024,"7,574"
11/3/2024,"2,063"
11/3/2024,"7,574"
11/3/2024,"40,451"
11/3/2024,"68,974"
11/4/2024,"1,045"
11/4/2024,"1,045"
11/4/2024,"5,665"
11/4/2024,743
11/4/2024,743
11/4/2024,"1,045"
11/4/2024,"5,063"
11/4/2024,"1,045"
11/4/2024,"1,045"
11/5/2024,"2,063"
11/5/2024,"7,574"
11/5/2024,"7,574"
11/5/2024,"1,045"
11/5/2024,"42,229"
11/5/2024,"1,045"
11/5/2024,"1,045"
11/6/2024,"3,420"
11/6/2024,"7,574"
11/6/2024,"5,063"
11/6/2024,"55,288"
11/6/2024,"197,000"
11/6/2024,"1,045"
11/6/2024,"1,045"
11/7/2024,"7,574"
11/7/2024,"1,045"
11/7/2024,"1,045"
11/7/2024,"5,063"
11/7/2024,"7,574"
11/7/2024,"1,045"
11/7/2024,"7,574"
11/7/2024,"1,045"
11/8/2024,"7,574"
11/8/2024,"1,045"
11/8/2024,"1,045"
11/8/2024,"48,790"
11/8/2024,"4,560"
11/8/2024,"9,081"
11/8/2024,"1,045"
11/8/2024,"58,301"
11/9/2024,743
11/9/2024,"1,045"
11/9/2024,"1,045"
11/9/2024,"1,045"
11/9/2024,"1,045"
11/9/2024,"54,584"
11/9/2024,"7,574"
11/9/2024,"2,063"
11/10/2024,"5,063"
11/10/2024,"1,045"
11/10/2024,"1,045"
11/10/2024,"7,574"
11/10/2024,"1,045"
11/11/2024,"1,045"
11/11/2024,"1,045"
11/11/2024,"5,063"
11/11/2024,"1,547"
11/11/2024,"1,045"
11/11/2024,"1,045"
11/11/2024,"1,045"
11/11/2024,"1,045"
11/11/2024,"1,045"
11/12/2024,"1,045"
11/12/2024,"7,574"
11/12/2024,"9,081"
11/12/2024,"1,547"
11/12/2024,"1,045"
11/12/2024,"7,574"
11/13/2024,"2,063"
11/13/2024,"2,063"
11/13/2024,"1,045"
11/13/2024,"5,063"
11/13/2024,"44,424"
11/13/2024,"1,045"
11/13/2024,"1,045"
11/14/2024,"3,503"
11/14/2024,"5,063"
11/14/2024,"1,045"
11/14/2024,"1,045"
11/14/2024,"7,574"
11/14/2024,"7,574"
11/14/2024,"1,045"
11/15/2024,743
11/15/2024,"1,050"
11/15/2024,"1,045"
11/15/2024,"242,647"
11/15/2024,"1,045"
11/15/2024,"40,828"
11/15/2024,"64,328"
11/15/2024,"30,728"
11/15/2024,"7,574"
11/15/2024,"7,574"
11/16/2024,"1,045"
11/16/2024,"1,045"
11/16/2024,"7,574"
11/16/2024,"1,045"
11/16/2024,"1,045"
11/16/2024,"1,045"
11/17/2024,"12,094"
11/17/2024,"3,420"
11/17/2024,"59,808"
11/17/2024,"1,045"
11/17/2024,"5,063"
11/18/2024,"1,045"
11/18/2024,"7,574"
11/18/2024,"1,045"
11/18/2024,"57,297"
11/18/2024,"7,574"
11/18/2024,"1,045"
11/18/2024,"7,574"
11/18/2024,"1,547"
11/18/2024,"2,063"
11/19/2024,"1,045"
11/19/2024,"5,063"
11/19/2024,"1,045"
11/19/2024,"1,045"
11/19/2024,"1,045"
11/19/2024,"1,045"
11/19/2024,"1,547"
11/19/2024,"1,045"
11/19/2024,"79,144"
11/19/2024,"24,025"
11/19/2024,"23,391"
11/19/2024,"1,045"
11/20/2024,"5,063"
11/20/2024,"1,045"
11/20/2024,"1,547"
11/20/2024,"1,045"
11/20/2024,"5,063"
11/20/2024,"9,583"
11/20/2024,743
11/20/2024,"1,045"
11/21/2024,"7,574"
11/21/2024,"1,045"
11/21/2024,"7,574"
11/21/2024,"5,063"
11/21/2024,"4,560"
11/21/2024,"1,045"
11/21/2024,"2,063"
11/21/2024,"1,045"
11/21/2024,"1,045"
11/22/2024,"42,225"
11/22/2024,"3,000"
11/22/2024,"1,045"
11/22/2024,"1,045"
11/23/2024,"5,063"
11/23/2024,"7,574"
11/23/2024,"7,574"
11/23/2024,"7,574"
11/23/2024,"5,063"
11/23/2024,"1,045"
11/23/2024,"1,547"
11/24/2024,"1,045"
11/24/2024,"1,045"
11/24/2024,"80,360"
11/24/2024,"7,574"
11/25/2024,"1,045"
11/25/2024,"1,045"
11/25/2024,"1,045"
11/25/2024,"7,574"
11/25/2024,"1,547"
11/25/2024,"5,063"
11/25/2024,"1,547"
11/26/2024,"7,574"
11/26/2024,"1,045"
11/26/2024,"1,045"
11/26/2024,"1,045"
11/26/2024,"1,045"
11/26/2024,743
11/26/2024,"7,574"
11/26/2024,"1,045"
11/26/2024,743
11/27/2024,"7,574"
11/27/2024,"1,547"
11/27/2024,"5,063"
11/27/2024,"1,045"
11/27/2024,"1,045"
11/27/2024,"7,574"
11/27/2024,"1,547"
11/28/2024,743
11/28/2024,"7,574"
11/28/2024,"7,574"
11/28/2024,"1,045"
11/28/2024,"5,063"
11/28/2024,"7,574"
11/28/2024,"61,716"
11/28/2024,"354,629"
11/28/2024,"5,063"
11/28/2024,"5,063"
11/28/2024,"1,045"
11/28/2024,"1,045"
11/28/2024,"7,574"
11/29/2024,"1,045"
11/29/2024,"37,709"
11/29/2024,"1,045"
11/29/2024,"96,463"
11/29/2024,743
11/29/2024,"1,045"
11/29/2024,"1,045"
11/29/2024,"2,060"
11/29/2024,"51,119"
11/29/2024,"5,063"
11/29/2024,"59,807"
11/29/2024,"1,045"
11/29/2024,"7,574"
11/30/2024,"1,045"
11/30/2024,"1,045"
11/30/2024,"1,045"
11/30/2024,"1,045"
11/30/2024,"5,063"
12/1/2024,"42,751"
12/1/2024,"7,574"
12/1/2024,"7,574"
12/1/2024,"1,045"
12/1/2024,"1,045"
12/1/2024,"9,583"
12/1/2024,"1,045"
12/2/2024,"1,045"
12/2/2024,"1,045"
12/2/2024,"1,045"
12/2/2024,"1,045"
12/2/2024,"25,926"
12/2/2024,"7,574"
12/2/2024,"1,085"
12/2/2024,"7,574"
12/2/2024,"1,045"
12/3/2024,"1,045"
12/3/2024,"1,045"
12/3/2024,"1,045"
12/3/2024,"7,574"
12/3/2024,"1,045"
12/3/2024,"1,045"
12/3/2024,"9,583"
12/3/2024,"7,574"
12/3/2024,"1,045"
12/3/2024,"1,045"
12/4/2024,"160,006"
12/4/2024,"1,045"
12/4/2024,"1,045"
12/4/2024,"7,574"
12/4/2024,743
12/4/2024,"1,045"
12/4/2024,"1,045"
12/4/2024,"1,045"
12/4/2024,"1,045"
12/4/2024,342
12/5/2024,"2,090"
12/5/2024,"1,045"
12/5/2024,"12,094"
12/5/2024,"1,045"
12/5/2024,"1,045"
12/5/2024,"1,050"
12/5/2024,"1,045"
12/5/2024,"7,574"
12/6/2024,"45,254"
12/6/2024,"1,045"
12/6/2024,"1,045"
12/6/2024,"1,045"
12/6/2024,"42,731"
12/6/2024,"25,331"
12/6/2024,"5,063"
12/6/2024,"54,292"
12/6/2024,"7,574"
12/7/2024,"1,045"
12/7/2024,"1,045"
12/7/2024,"2,063"
12/7/2024,"1,045"
12/7/2024,"5,063"
12/7/2024,"5,063"
12/8/2024,"1,045"
12/8/2024,"1,045"
12/8/2024,"1,045"
12/8/2024,"1,045"
12/9/2024,"68,848"
12/9/2024,"1,045"
12/9/2024,"173,065"
12/9/2024,"6,067"
12/9/2024,"9,583"
12/9/2024,"7,574"
12/10/2024,"5,063"
12/10/2024,"1,045"
12/10/2024,"1,045"
12/10/2024,"1,045"
12/10/2024,"1,547"
12/10/2024,743
12/10/2024,"106,015"
12/10/2024,743
12/10/2024,"1,045"
12/10/2024,"1,045"
12/11/2024,"1,045"
12/11/2024,"1,045"
12/11/2024,"9,583"
12/11/2024,"35,198"
12/11/2024,"7,574"
12/11/2024,"1,045"
12/11/2024,"1,045"
12/12/2024,"5,063"
12/12/2024,"1,040"
12/12/2024,"1,045"
12/12/2024,"5,063"
12/12/2024,"1,045"
12/13/2024,"1,045"
12/13/2024,"19,068"
12/13/2024,"1,045"
12/13/2024,"1,045"
12/14/2024,"1,045"
12/14/2024,"1,045"
12/14/2024,"1,045"
12/14/2024,"76,157"
12/14/2024,"7,574"
12/14/2024,"1,045"
12/15/2024,"1,045"
12/15/2024,"1,045"
12/15/2024,"1,045"
12/15/2024,"1,045"
12/16/2024,"1,045"
12/16/2024,"1,045"
12/16/2024,"5,063"
12/16/2024,"7,574"
12/16/2024,"1,045"
12/16/2024,"1,045"
12/17/2024,"1,045"
12/17/2024,"1,045"
12/17/2024,"1,045"
12/17/2024,"58,821"
12/17/2024,"4,560"
12/17/2024,"1,045"
12/17/2024,743
12/17/2024,"1,045"
12/18/2024,"1,045"
12/18/2024,"1,045"
12/18/2024,"5,063"
12/18/2024,"1,045"
12/18/2024,"1,045"
12/18/2024,"1,045"
12/18/2024,"106,015"
12/18/2024,"3,551"
12/18/2024,"1,045"
12/18/2024,"5,063"
12/19/2024,"19,064"
12/19/2024,"1,045"
12/19/2024,"1,045"
12/19/2024,"1,045"
12/19/2024,"21,162"
12/19/2024,"1,045"
12/19/2024,"44,229"
12/19/2024,"106,015"
12/19/2024,"5,063"
12/19/2024,"1,045"
12/20/2024,"7,574"
12/20/2024,"7,574"
12/20/2024,"23,020"
12/20/2024,"1,045"
12/20/2024,"7,574"
12/20/2024,"33,414"
12/20/2024,"60,310"
12/20/2024,"21,058"
12/20/2024,"1,547"
12/20/2024,743
12/21/2024,"7,574"
12/21/2024,"8,100"
12/21/2024,"7,574"
12/21/2024,"7,574"
12/21/2024,"5,063"
12/21/2024,"1,045"
12/21/2024,"1,560"
12/21/2024,"1,045"
12/22/2024,"1,045"
12/22/2024,"1,045"
12/22/2024,"1,045"
12/22/2024,"1,045"
12/22/2024,"7,574"
12/22/2024,"1,045"
12/22/2024,"1,045"
12/23/2024,"4,500"
12/23/2024,"1,045"
12/23/2024,"7,574"
12/23/2024,"1,547"
12/23/2024,"3,551"
12/23/2024,"3,500"
12/23/2024,"1,045"
12/23/2024,"7,574"
12/23/2024,"1,045"
12/23/2024,"19,064"
12/23/2024,"1,045"
12/23/2024,"5,063"
12/23/2024,"1,045"
12/24/2024,"7,574"
12/24/2024,"7,574"
12/24/2024,"1,045"
12/24/2024,"1,042"
12/24/2024,"1,045"
12/24/2024,743
12/24/2024,"1,045"
12/24/2024,"2,063"
12/24/2024,"2,063"
12/24/2024,"5,063"
12/24/2024,"1,045"
12/25/2024,"5,063"
12/25/2024,"7,574"
12/25/2024,"1,050"
12/25/2024,"44,238"
12/26/2024,"1,045"
12/26/2024,743
12/26/2024,"5,063"
12/26/2024,"1,045"
12/27/2024,"1,045"
12/27/2024,"5,063"
12/27/2024,753
12/27/2024,"2,063"
12/27/2024,"5,063"
12/27/2024,"1,045"
12/27/2024,"1,045"
12/28/2024,"7,574"
12/28/2024,"2,063"
12/28/2024,"1,045"
12/28/2024,"7,574"
12/28/2024,"1,045"
12/28/2024,"1,045"
12/29/2024,"7,574"
12/29/2024,"1,045"
12/29/2024,"7,574"
12/29/2024,"1,045"
12/29/2024,"7,574"
12/30/2024,"5,063"
12/30/2024,"1,045"
12/30/2024,"7,574"
12/30/2024,"1,045"
12/30/2024,"1,045"
12/30/2024,"1,045"
12/30/2024,"7,574"
12/30/2024,"1,045"
12/30/2024,"52,274"
12/30/2024,"2,063"
12/30/2024,"5,063"
12/30/2024,"1,045"
12/30/2024,"7,574"
12/31/2024,"59,807"
12/31/2024,"1,045"
12/31/2024,"51,269"
12/31/2024,"47,000"
12/31/2024,"1,045"
12/31/2024,"1,045"
12/31/2024,"7,574"
12/31/2024,"1,045"
